%% This BibTeX bibliography file was created using BibDesk.
%% http://bibdesk.sourceforge.net/


%% Created for John Wickerson at 2013-01-08 11:20:32 +0100 


%% Saved with string encoding Unicode (UTF-8) 



@inproceedings{dinsdale-young+13,
	Author = {Dinsdale-Young, Thomas and Birkedal, Lars and Gardner, Philippa and Parkinson, Matthew J. and Yang, Hongseok},
	Booktitle = {POPL~'13},
	Date-Added = {2013-01-06 17:06:07 +0000},
	Date-Modified = {2013-01-06 17:06:24 +0000},
	Publisher = {ACM Press},
	Title = {Views: Compositional Reasoning for Concurrent Programs},
	Year = {2013},
	Bdsk-File-1 = {YnBsaXN0MDDUAQIDBAUIJidUJHRvcFgkb2JqZWN0c1gkdmVyc2lvblkkYXJjaGl2ZXLRBgdUcm9vdIABqAkKFRYXGyIjVSRudWxs0wsMDQ4RFFpOUy5vYmplY3RzV05TLmtleXNWJGNsYXNzog8QgASABqISE4ACgAOAB1lhbGlhc0RhdGFccmVsYXRpdmVQYXRo0hgNGRpXTlMuZGF0YU8RAiAAAAAAAiAAAgAADE1hY2ludG9zaCBIRAAAAAAAAAAAAAAAAAAAAMpBBgxIKwAAA6wLJh9WaWV3cyBDb21wb3NpdGlvbmFsIzNBQzBGRTIucGRmAAAAAAAAAAAAAAAAAAAAAAAAAAAAAAAAAAAAAAAAAAADrA/izL7d9wAAAAAAAAAAAAMAAgAACSAAAAAAAAAAAAAAAAAAAAAGUGFwZXJzABAACAAAykDp7AAAABEACAAAzL7P5wAAAAEAEAOsCyYDq3L9AAUCrgAAvuwAAgBLTWFjaW50b3NoIEhEOlVzZXJzOgBqcHc0ODoARHJvcGJveDoAUGFwZXJzOgBWaWV3cyBDb21wb3NpdGlvbmFsIzNBQzBGRTIucGRmAAAOAHgAOwBWAGkAZQB3AHMAIABDAG8AbQBwAG8AcwBpAHQAaQBvAG4AYQBsACAAUgBlAGEAcwBvAG4AaQBuAGcAIABmAG8AcgAgAEMAbwBuAGMAdQByAHIAZQBuAHQAIABQAHIAbwBnAHIAYQBtAHMALQBhAC4AcABkAGYADwAaAAwATQBhAGMAaQBuAHQAbwBzAGgAIABIAEQAEgBWVXNlcnMvanB3NDgvRHJvcGJveC9QYXBlcnMvVmlld3MgQ29tcG9zaXRpb25hbCBSZWFzb25pbmcgZm9yIENvbmN1cnJlbnQgUHJvZ3JhbXMtYS5wZGYAEwABLwAAFQACAAz//wAAgAXSHB0eH1gkY2xhc3Nlc1okY2xhc3NuYW1lox8gIV1OU011dGFibGVEYXRhVk5TRGF0YVhOU09iamVjdF8QSy4uLy4uLy4uL1BhcGVycy9WaWV3cyBDb21wb3NpdGlvbmFsIFJlYXNvbmluZyBmb3IgQ29uY3VycmVudCBQcm9ncmFtcy1hLnBkZtIcHSQloiUhXE5TRGljdGlvbmFyeRIAAYagXxAPTlNLZXllZEFyY2hpdmVyAAgAEQAWAB8AKAAyADUAOgA8AEUASwBSAF0AZQBsAG8AcQBzAHYAeAB6AHwAhgCTAJgAoALEAsYCywLUAt8C4wLxAvgDAQNPA1QDVwNkA2kAAAAAAAACAQAAAAAAAAAoAAAAAAAAAAAAAAAAAAADew==}}

@phdthesis{wickerson13,
	Author = {Wickerson, John},
	Date-Added = {2013-01-05 09:09:51 +0000},
	Date-Modified = {2013-01-05 14:06:09 +0000},
	School = {University of Cambridge},
	Title = {Concurrent Verification for Sequential Programs},
	Year = {2013}}

@inproceedings{chlipala11,
	Author = {Chlipala, Adam},
	Booktitle = {PLDI~'11},
	Date-Added = {2013-01-05 09:09:51 +0000},
	Date-Modified = {2013-01-05 10:26:27 +0000},
	Publisher = {ACM Press},
	Title = {Mostly-Automated Verification of Low-Level Programs in Computational Separation Logic},
	Year = {2011},
	Bdsk-File-1 = {YnBsaXN0MDDUAQIDBAUIJidUJHRvcFgkb2JqZWN0c1gkdmVyc2lvblkkYXJjaGl2ZXLRBgdUcm9vdIABqAkKFRYXGyIjVSRudWxs0wsMDQ4RFFpOUy5vYmplY3RzV05TLmtleXNWJGNsYXNzog8QgASABqISE4ACgAOAB1lhbGlhc0RhdGFccmVsYXRpdmVQYXRo0hgNGRpXTlMuZGF0YU8RAnoAAAAAAnoAAgAADE1hY2ludG9zaCBIRAAAAAAAAAAAAAAAAAAAAMpBBgxIKwAAA6wLJh9Nb3N0bHktQXV0b21hdGVkIFZlIzNBQzBFMzgucGRmAAAAAAAAAAAAAAAAAAAAAAAAAAAAAAAAAAAAAAAAAAADrA44zL4jaQAAAAAAAAAAAAMAAgAACSAAAAAAAAAAAAAAAAAAAAAGUGFwZXJzABAACAAAykDp7AAAABEACAAAzL4VWQAAAAEAEAOsCyYDq3L9AAUCrgAAvuwAAgBLTWFjaW50b3NoIEhEOlVzZXJzOgBqcHc0ODoARHJvcGJveDoAUGFwZXJzOgBNb3N0bHktQXV0b21hdGVkIFZlIzNBQzBFMzgucGRmAAAOALQAWQBNAG8AcwB0AGwAeQAtAEEAdQB0AG8AbQBhAHQAZQBkACAAVgBlAHIAaQBmAGkAYwBhAHQAaQBvAG4AIABvAGYAIABMAG8AdwAtAEwAZQB2AGUAbAAgAFAAcgBvAGcAcgBhAG0AcwAgAGkAbgAgAEMAbwBtAHAAdQB0AGEAdABpAG8AbgBhAGwAIABTAGUAcABhAHIAYQB0AGkAbwBuACAATABvAGcAaQBjAC4AcABkAGYADwAaAAwATQBhAGMAaQBuAHQAbwBzAGgAIABIAEQAEgB0VXNlcnMvanB3NDgvRHJvcGJveC9QYXBlcnMvTW9zdGx5LUF1dG9tYXRlZCBWZXJpZmljYXRpb24gb2YgTG93LUxldmVsIFByb2dyYW1zIGluIENvbXB1dGF0aW9uYWwgU2VwYXJhdGlvbiBMb2dpYy5wZGYAEwABLwAAFQACAAz//wAAgAXSHB0eH1gkY2xhc3Nlc1okY2xhc3NuYW1lox8gIV1OU011dGFibGVEYXRhVk5TRGF0YVhOU09iamVjdF8QaS4uLy4uLy4uL1BhcGVycy9Nb3N0bHktQXV0b21hdGVkIFZlcmlmaWNhdGlvbiBvZiBMb3ctTGV2ZWwgUHJvZ3JhbXMgaW4gQ29tcHV0YXRpb25hbCBTZXBhcmF0aW9uIExvZ2ljLnBkZtIcHSQloiUhXE5TRGljdGlvbmFyeRIAAYagXxAPTlNLZXllZEFyY2hpdmVyAAgAEQAWAB8AKAAyADUAOgA8AEUASwBSAF0AZQBsAG8AcQBzAHYAeAB6AHwAhgCTAJgAoAMeAyADJQMuAzkDPQNLA1IDWwPHA8wDzwPcA+EAAAAAAAACAQAAAAAAAAAoAAAAAAAAAAAAAAAAAAAD8w==}}

@inproceedings{jacobs+11-b,
	Author = {Jacobs, Bart and Smans, Jan and Philippaerts, Pieter and Vogels, Fr{\'e}d{\'e}ric and Penninckx, Willem and Piessens, Frank},
	Booktitle = {NFM~'11},
	Date-Added = {2013-01-05 09:09:51 +0000},
	Date-Modified = {2013-01-05 10:27:26 +0000},
	Publisher = {Springer},
	Series = {LNCS},
	Title = {Veri{F}ast: A Powerful, Sound, Predictable, Fast Verifier for {C} and {J}ava},
	Volume = {6617},
	Year = {2011},
	Bdsk-File-1 = {YnBsaXN0MDDUAQIDBAUIJidUJHRvcFgkb2JqZWN0c1gkdmVyc2lvblkkYXJjaGl2ZXLRBgdUcm9vdIABqAkKFRYXGyIjVSRudWxs0wsMDQ4RFFpOUy5vYmplY3RzV05TLmtleXNWJGNsYXNzog8QgASABqISE4ACgAOAB1lhbGlhc0RhdGFccmVsYXRpdmVQYXRo0hgNGRpXTlMuZGF0YU8RAkoAAAAAAkoAAgAADE1hY2ludG9zaCBIRAAAAAAAAAAAAAAAAAAAAMpBBgxIKwAAA6wLJh9WZXJpRmFzdCBBIFBvd2VyZnVsIzNBQzBGRDcucGRmAAAAAAAAAAAAAAAAAAAAAAAAAAAAAAAAAAAAAAAAAAADrA/XzL4mnQAAAAAAAAAAAAMAAgAACSAAAAAAAAAAAAAAAAAAAAAGUGFwZXJzABAACAAAykDp7AAAABEACAAAzL4YjQAAAAEAEAOsCyYDq3L9AAUCrgAAvuwAAgBLTWFjaW50b3NoIEhEOlVzZXJzOgBqcHc0ODoARHJvcGJveDoAUGFwZXJzOgBWZXJpRmFzdCBBIFBvd2VyZnVsIzNBQzBGRDcucGRmAAAOAJQASQBWAGUAcgBpAEYAYQBzAHQAIABBACAAUABvAHcAZQByAGYAdQBsACwAIABTAG8AdQBuAGQALAAgAFAAcgBlAGQAaQBjAHQAYQBiAGwAZQAsACAARgBhAHMAdAAgAFYAZQByAGkAZgBpAGUAcgAgAGYAbwByACAAQwAgAGEAbgBkACAASgBhAHYAYQAuAHAAZABmAA8AGgAMAE0AYQBjAGkAbgB0AG8AcwBoACAASABEABIAZFVzZXJzL2pwdzQ4L0Ryb3Bib3gvUGFwZXJzL1ZlcmlGYXN0IEEgUG93ZXJmdWwsIFNvdW5kLCBQcmVkaWN0YWJsZSwgRmFzdCBWZXJpZmllciBmb3IgQyBhbmQgSmF2YS5wZGYAEwABLwAAFQACAAz//wAAgAXSHB0eH1gkY2xhc3Nlc1okY2xhc3NuYW1lox8gIV1OU011dGFibGVEYXRhVk5TRGF0YVhOU09iamVjdF8QWS4uLy4uLy4uL1BhcGVycy9WZXJpRmFzdCBBIFBvd2VyZnVsLCBTb3VuZCwgUHJlZGljdGFibGUsIEZhc3QgVmVyaWZpZXIgZm9yIEMgYW5kIEphdmEucGRm0hwdJCWiJSFcTlNEaWN0aW9uYXJ5EgABhqBfEA9OU0tleWVkQXJjaGl2ZXIACAARABYAHwAoADIANQA6ADwARQBLAFIAXQBlAGwAbwBxAHMAdgB4AHoAfACGAJMAmACgAu4C8AL1Av4DCQMNAxsDIgMrA4cDjAOPA5wDoQAAAAAAAAIBAAAAAAAAACgAAAAAAAAAAAAAAAAAAAOz}}

@inbook{schneider97,
	Author = {Schneider, Fred B.},
	Chapter = {4},
	Date-Added = {2013-01-05 09:09:51 +0000},
	Date-Modified = {2013-01-05 09:09:51 +0000},
	Publisher = {Springer},
	Title = {On Concurrent Programming},
	Year = {1997}}

@techreport{ashcroft76,
	Author = {Ashcroft, Edward A.},
	Date-Added = {2013-01-05 09:09:51 +0000},
	Date-Modified = {2013-01-05 09:09:51 +0000},
	Institution = {University of Waterloo},
	Number = {CS-76-01},
	Title = {Program verification tableaus},
	Year = {1976},
	Bdsk-File-1 = {YnBsaXN0MDDUAQIDBAUIJidUJHRvcFgkb2JqZWN0c1gkdmVyc2lvblkkYXJjaGl2ZXLRBgdUcm9vdIABqAkKFRYXGyIjVSRudWxs0wsMDQ4RFFpOUy5vYmplY3RzV05TLmtleXNWJGNsYXNzog8QgASABqISE4ACgAOAB1lhbGlhc0RhdGFccmVsYXRpdmVQYXRo0hgNGRpXTlMuZGF0YU8RAdIAAAAAAdIAAgAADE1hY2ludG9zaCBIRAAAAAAAAAAAAAAAAAAAAMpBBgxIKwAAA6wLJh9Qcm9ncmFtIHZlcmlmaWNhdGlvIzNBQzBFNjAucGRmAAAAAAAAAAAAAAAAAAAAAAAAAAAAAAAAAAAAAAAAAAADrA5gzL4j4AAAAAAAAAAAAAMAAgAACSAAAAAAAAAAAAAAAAAAAAAGUGFwZXJzABAACAAAykDp7AAAABEACAAAzL4V0AAAAAEAEAOsCyYDq3L9AAUCrgAAvuwAAgBLTWFjaW50b3NoIEhEOlVzZXJzOgBqcHc0ODoARHJvcGJveDoAUGFwZXJzOgBQcm9ncmFtIHZlcmlmaWNhdGlvIzNBQzBFNjAucGRmAAAOAEQAIQBQAHIAbwBnAHIAYQBtACAAdgBlAHIAaQBmAGkAYwBhAHQAaQBvAG4AIAB0AGEAYgBsAGUAYQB1AHMALgBwAGQAZgAPABoADABNAGEAYwBpAG4AdABvAHMAaAAgAEgARAASADxVc2Vycy9qcHc0OC9Ecm9wYm94L1BhcGVycy9Qcm9ncmFtIHZlcmlmaWNhdGlvbiB0YWJsZWF1cy5wZGYAEwABLwAAFQACAAz//wAAgAXSHB0eH1gkY2xhc3Nlc1okY2xhc3NuYW1lox8gIV1OU011dGFibGVEYXRhVk5TRGF0YVhOU09iamVjdF8QMS4uLy4uLy4uL1BhcGVycy9Qcm9ncmFtIHZlcmlmaWNhdGlvbiB0YWJsZWF1cy5wZGbSHB0kJaIlIVxOU0RpY3Rpb25hcnkSAAGGoF8QD05TS2V5ZWRBcmNoaXZlcgAIABEAFgAfACgAMgA1ADoAPABFAEsAUgBdAGUAbABvAHEAcwB2AHgAegB8AIYAkwCYAKACdgJ4An0ChgKRApUCowKqArMC5wLsAu8C/AMBAAAAAAAAAgEAAAAAAAAAKAAAAAAAAAAAAAAAAAAAAxM=}}

@inproceedings{urbas+12,
	Author = {Urbas, Matej and Jamnik, Mateja},
	Booktitle = {IJCAR~'12},
	Date-Added = {2013-01-05 09:09:51 +0000},
	Date-Modified = {2013-01-05 10:27:36 +0000},
	Publisher = {Springer},
	Series = {LNCS},
	Title = {Diabelli: A Heterogeneous Proof System},
	Volume = {7364},
	Year = {2012}}

@inproceedings{hur+11,
	Author = {Hur, Chung-Kil and Dreyer, Derek and Vafeiadis, Viktor},
	Booktitle = {LICS~'11},
	Date-Added = {2013-01-05 09:09:51 +0000},
	Date-Modified = {2013-01-05 10:26:50 +0000},
	Publisher = {IEEE Computer Society},
	Title = {Separation Logic in the Presence of Garbage Collection},
	Year = {2011},
	Bdsk-File-1 = {YnBsaXN0MDDUAQIDBAUIJidUJHRvcFgkb2JqZWN0c1gkdmVyc2lvblkkYXJjaGl2ZXLRBgdUcm9vdIABqAkKFRYXGyIjVSRudWxs0wsMDQ4RFFpOUy5vYmplY3RzV05TLmtleXNWJGNsYXNzog8QgASABqISE4ACgAOAB1lhbGlhc0RhdGFccmVsYXRpdmVQYXRo0hgNGRpXTlMuZGF0YU8RAh4AAAAAAh4AAgAADE1hY2ludG9zaCBIRAAAAAAAAAAAAAAAAAAAAMpBBgxIKwAAA6wLJh9TZXBhcmF0aW9uIExvZ2ljIGluIzNBQzBFREYucGRmAAAAAAAAAAAAAAAAAAAAAAAAAAAAAAAAAAAAAAAAAAADrA7fzL4ktAAAAAAAAAAAAAMAAgAACSAAAAAAAAAAAAAAAAAAAAAGUGFwZXJzABAACAAAykDp7AAAABEACAAAzL4WpAAAAAEAEAOsCyYDq3L9AAUCrgAAvuwAAgBLTWFjaW50b3NoIEhEOlVzZXJzOgBqcHc0ODoARHJvcGJveDoAUGFwZXJzOgBTZXBhcmF0aW9uIExvZ2ljIGluIzNBQzBFREYucGRmAAAOAHYAOgBTAGUAcABhAHIAYQB0AGkAbwBuACAATABvAGcAaQBjACAAaQBuACAAdABoAGUAIABQAHIAZQBzAGUAbgBjAGUAIABvAGYAIABHAGEAcgBiAGEAZwBlACAAQwBvAGwAbABlAGMAdABpAG8AbgAuAHAAZABmAA8AGgAMAE0AYQBjAGkAbgB0AG8AcwBoACAASABEABIAVVVzZXJzL2pwdzQ4L0Ryb3Bib3gvUGFwZXJzL1NlcGFyYXRpb24gTG9naWMgaW4gdGhlIFByZXNlbmNlIG9mIEdhcmJhZ2UgQ29sbGVjdGlvbi5wZGYAABMAAS8AABUAAgAM//8AAIAF0hwdHh9YJGNsYXNzZXNaJGNsYXNzbmFtZaMfICFdTlNNdXRhYmxlRGF0YVZOU0RhdGFYTlNPYmplY3RfEEouLi8uLi8uLi9QYXBlcnMvU2VwYXJhdGlvbiBMb2dpYyBpbiB0aGUgUHJlc2VuY2Ugb2YgR2FyYmFnZSBDb2xsZWN0aW9uLnBkZtIcHSQloiUhXE5TRGljdGlvbmFyeRIAAYagXxAPTlNLZXllZEFyY2hpdmVyAAgAEQAWAB8AKAAyADUAOgA8AEUASwBSAF0AZQBsAG8AcQBzAHYAeAB6AHwAhgCTAJgAoALCAsQCyQLSAt0C4QLvAvYC/wNMA1EDVANhA2YAAAAAAAACAQAAAAAAAAAoAAAAAAAAAAAAAAAAAAADeA==}}

@inproceedings{wu+11,
	Author = {Wu, Chunhan and Zhang, Xingyuan and Urban, Christian},
	Booktitle = {ITP~'11},
	Date-Added = {2013-01-05 09:09:51 +0000},
	Date-Modified = {2013-01-05 10:27:50 +0000},
	Publisher = {Springer},
	Series = {LNCS},
	Title = {A Formalisation of the {M}yhill-{N}erode Theorem based on Regular Expressions},
	Volume = {6898},
	Year = {2011},
	Bdsk-File-1 = {YnBsaXN0MDDUAQIDBAUIJidUJHRvcFgkb2JqZWN0c1gkdmVyc2lvblkkYXJjaGl2ZXLRBgdUcm9vdIABqAkKFRYXGyIjVSRudWxs0wsMDQ4RFFpOUy5vYmplY3RzV05TLmtleXNWJGNsYXNzog8QgASABqISE4ACgAOAB1lhbGlhc0RhdGFccmVsYXRpdmVQYXRo0hgNGRpXTlMuZGF0YU8RAlYAAAAAAlYAAgAADE1hY2ludG9zaCBIRAAAAAAAAAAAAAAAAAAAAMpBBgxIKwAAA6wLJh9BIEZvcm1hbGlzYXRpb24gb2YgIzNBQzBDMkIucGRmAAAAAAAAAAAAAAAAAAAAAAAAAAAAAAAAAAAAAAAAAAADrAwrzLnPEwAAAAAAAAAAAAMAAgAACSAAAAAAAAAAAAAAAAAAAAAGUGFwZXJzABAACAAAykDp7AAAABEACAAAzLnBAwAAAAEAEAOsCyYDq3L9AAUCrgAAvuwAAgBLTWFjaW50b3NoIEhEOlVzZXJzOgBqcHc0ODoARHJvcGJveDoAUGFwZXJzOgBBIEZvcm1hbGlzYXRpb24gb2YgIzNBQzBDMkIucGRmAAAOAJwATQBBACAARgBvAHIAbQBhAGwAaQBzAGEAdABpAG8AbgAgAG8AZgAgAHQAaABlACAATQB5AGgAaQBsAGwALQBOAGUAcgBvAGQAZQAgAFQAaABlAG8AcgBlAG0AIABiAGEAcwBlAGQAIABvAG4AIABSAGUAZwB1AGwAYQByACAARQB4AHAAcgBlAHMAcwBpAG8AbgBzAC4AcABkAGYADwAaAAwATQBhAGMAaQBuAHQAbwBzAGgAIABIAEQAEgBoVXNlcnMvanB3NDgvRHJvcGJveC9QYXBlcnMvQSBGb3JtYWxpc2F0aW9uIG9mIHRoZSBNeWhpbGwtTmVyb2RlIFRoZW9yZW0gYmFzZWQgb24gUmVndWxhciBFeHByZXNzaW9ucy5wZGYAEwABLwAAFQACAAz//wAAgAXSHB0eH1gkY2xhc3Nlc1okY2xhc3NuYW1lox8gIV1OU011dGFibGVEYXRhVk5TRGF0YVhOU09iamVjdF8QXS4uLy4uLy4uL1BhcGVycy9BIEZvcm1hbGlzYXRpb24gb2YgdGhlIE15aGlsbC1OZXJvZGUgVGhlb3JlbSBiYXNlZCBvbiBSZWd1bGFyIEV4cHJlc3Npb25zLnBkZtIcHSQloiUhXE5TRGljdGlvbmFyeRIAAYagXxAPTlNLZXllZEFyY2hpdmVyAAgAEQAWAB8AKAAyADUAOgA8AEUASwBSAF0AZQBsAG8AcQBzAHYAeAB6AHwAhgCTAJgAoAL6AvwDAQMKAxUDGQMnAy4DNwOXA5wDnwOsA7EAAAAAAAACAQAAAAAAAAAoAAAAAAAAAAAAAAAAAAADww==}}

@inproceedings{wenzel12,
	Author = {Wenzel, Makarius},
	Booktitle = {UITP~'10},
	Date-Added = {2013-01-05 09:09:51 +0000},
	Date-Modified = {2013-01-05 10:16:21 +0000},
	Series = {ENTCS},
	Title = {Asynchronous Proof Processing with {I}sabelle/{S}cala and {I}sabelle/j{E}dit},
	Volume = {285},
	Year = {2012},
	Bdsk-File-1 = {YnBsaXN0MDDUAQIDBAUIJidUJHRvcFgkb2JqZWN0c1gkdmVyc2lvblkkYXJjaGl2ZXLRBgdUcm9vdIABqAkKFRYXGyIjVSRudWxs0wsMDQ4RFFpOUy5vYmplY3RzV05TLmtleXNWJGNsYXNzog8QgASABqISE4ACgAOAB1lhbGlhc0RhdGFccmVsYXRpdmVQYXRo0hgNGRpXTlMuZGF0YU8RAkgAAAAAAkgAAgAADE1hY2ludG9zaCBIRAAAAAAAAAAAAAAAAAAAAMpBBgxIKwAAA6wLJh9Bc3luY2hyb25vdXMgUHJvb2YgIzNBQzBDQ0QucGRmAAAAAAAAAAAAAAAAAAAAAAAAAAAAAAAAAAAAAAAAAAADrAzNzLnqFQAAAAAAAAAAAAMAAgAACSAAAAAAAAAAAAAAAAAAAAAGUGFwZXJzABAACAAAykDp7AAAABEACAAAzLncBQAAAAEAEAOsCyYDq3L9AAUCrgAAvuwAAgBLTWFjaW50b3NoIEhEOlVzZXJzOgBqcHc0ODoARHJvcGJveDoAUGFwZXJzOgBBc3luY2hyb25vdXMgUHJvb2YgIzNBQzBDQ0QucGRmAAAOAJIASABBAHMAeQBuAGMAaAByAG8AbgBvAHUAcwAgAFAAcgBvAG8AZgAgAFAAcgBvAGMAZQBzAHMAaQBuAGcAIAB3AGkAdABoACAASQBzAGEAYgBlAGwAbABlAC0AUwBjAGEAbABhACAAYQBuAGQAIABJAHMAYQBiAGUAbABsAGUALQBqAEUAZABpAHQALgBwAGQAZgAPABoADABNAGEAYwBpAG4AdABvAHMAaAAgAEgARAASAGNVc2Vycy9qcHc0OC9Ecm9wYm94L1BhcGVycy9Bc3luY2hyb25vdXMgUHJvb2YgUHJvY2Vzc2luZyB3aXRoIElzYWJlbGxlLVNjYWxhIGFuZCBJc2FiZWxsZS1qRWRpdC5wZGYAABMAAS8AABUAAgAM//8AAIAF0hwdHh9YJGNsYXNzZXNaJGNsYXNzbmFtZaMfICFdTlNNdXRhYmxlRGF0YVZOU0RhdGFYTlNPYmplY3RfEFguLi8uLi8uLi9QYXBlcnMvQXN5bmNocm9ub3VzIFByb29mIFByb2Nlc3Npbmcgd2l0aCBJc2FiZWxsZS1TY2FsYSBhbmQgSXNhYmVsbGUtakVkaXQucGRm0hwdJCWiJSFcTlNEaWN0aW9uYXJ5EgABhqBfEA9OU0tleWVkQXJjaGl2ZXIACAARABYAHwAoADIANQA6ADwARQBLAFIAXQBlAGwAbwBxAHMAdgB4AHoAfACGAJMAmACgAuwC7gLzAvwDBwMLAxkDIAMpA4QDiQOMA5kDngAAAAAAAAIBAAAAAAAAACgAAAAAAAAAAAAAAAAAAAOw}}

@inproceedings{jacobs+11,
	Author = {Jacobs, Bart and Smans, Jan and Piessens, Frank},
	Booktitle = {FM~'11},
	Date-Added = {2013-01-05 09:09:51 +0000},
	Date-Modified = {2013-01-05 10:27:29 +0000},
	Publisher = {Springer},
	Series = {LNCS},
	Title = {Verification of unloadable modules},
	Volume = {6664},
	Year = {2011},
	Bdsk-File-1 = {YnBsaXN0MDDUAQIDBAUIJidUJHRvcFgkb2JqZWN0c1gkdmVyc2lvblkkYXJjaGl2ZXLRBgdUcm9vdIABqAkKFRYXGyIjVSRudWxs0wsMDQ4RFFpOUy5vYmplY3RzV05TLmtleXNWJGNsYXNzog8QgASABqISE4ACgAOAB1lhbGlhc0RhdGFccmVsYXRpdmVQYXRo0hgNGRpXTlMuZGF0YU8RAeIAAAAAAeIAAgAADE1hY2ludG9zaCBIRAAAAAAAAAAAAAAAAAAAAMpBBgxIKwAAA6wLJh9WZXJpZmljYXRpb24gb2YgdW5sIzNBQzBGREEucGRmAAAAAAAAAAAAAAAAAAAAAAAAAAAAAAAAAAAAAAAAAAADrA/azL4moAAAAAAAAAAAAAMAAgAACSAAAAAAAAAAAAAAAAAAAAAGUGFwZXJzABAACAAAykDp7AAAABEACAAAzL4YkAAAAAEAEAOsCyYDq3L9AAUCrgAAvuwAAgBLTWFjaW50b3NoIEhEOlVzZXJzOgBqcHc0ODoARHJvcGJveDoAUGFwZXJzOgBWZXJpZmljYXRpb24gb2YgdW5sIzNBQzBGREEucGRmAAAOAE4AJgBWAGUAcgBpAGYAaQBjAGEAdABpAG8AbgAgAG8AZgAgAHUAbgBsAG8AYQBkAGEAYgBsAGUAIABtAG8AZAB1AGwAZQBzAC4AcABkAGYADwAaAAwATQBhAGMAaQBuAHQAbwBzAGgAIABIAEQAEgBBVXNlcnMvanB3NDgvRHJvcGJveC9QYXBlcnMvVmVyaWZpY2F0aW9uIG9mIHVubG9hZGFibGUgbW9kdWxlcy5wZGYAABMAAS8AABUAAgAM//8AAIAF0hwdHh9YJGNsYXNzZXNaJGNsYXNzbmFtZaMfICFdTlNNdXRhYmxlRGF0YVZOU0RhdGFYTlNPYmplY3RfEDYuLi8uLi8uLi9QYXBlcnMvVmVyaWZpY2F0aW9uIG9mIHVubG9hZGFibGUgbW9kdWxlcy5wZGbSHB0kJaIlIVxOU0RpY3Rpb25hcnkSAAGGoF8QD05TS2V5ZWRBcmNoaXZlcgAIABEAFgAfACgAMgA1ADoAPABFAEsAUgBdAGUAbABvAHEAcwB2AHgAegB8AIYAkwCYAKAChgKIAo0ClgKhAqUCswK6AsMC/AMBAwQDEQMWAAAAAAAAAgEAAAAAAAAAKAAAAAAAAAAAAAAAAAAAAyg=}}

@article{hoare71,
	Author = {Hoare, C. A. R.},
	Date-Added = {2013-01-05 09:09:51 +0000},
	Date-Modified = {2013-01-05 09:29:12 +0000},
	Journal = {Communications of the ACM},
	Number = {1},
	Title = {Proof of a Program: FIND},
	Volume = {14},
	Year = {1971},
	Bdsk-File-1 = {YnBsaXN0MDDUAQIDBAUIJidUJHRvcFgkb2JqZWN0c1gkdmVyc2lvblkkYXJjaGl2ZXLRBgdUcm9vdIABqAkKFRYXGyIjVSRudWxs0wsMDQ4RFFpOUy5vYmplY3RzV05TLmtleXNWJGNsYXNzog8QgASABqISE4ACgAOAB1lhbGlhc0RhdGFccmVsYXRpdmVQYXRo0hgNGRpXTlMuZGF0YU8RAbwAAAAAAbwAAgAADE1hY2ludG9zaCBIRAAAAAAAAAAAAAAAAAAAAMpBBgxIKwAAA6wLJhtQcm9vZiBvZiBhIFByb2dyYW0gRklORC5wZGYAAAAAAAAAAAAAAAAAAAAAAAAAAAAAAAAAAAAAAAAAAAAAAAADrA5izL4j5AAAAAAAAAAAAAMAAgAACSAAAAAAAAAAAAAAAAAAAAAGUGFwZXJzABAACAAAykDp7AAAABEACAAAzL4V1AAAAAEAEAOsCyYDq3L9AAUCrgAAvuwAAgBHTWFjaW50b3NoIEhEOlVzZXJzOgBqcHc0ODoARHJvcGJveDoAUGFwZXJzOgBQcm9vZiBvZiBhIFByb2dyYW0gRklORC5wZGYAAA4AOAAbAFAAcgBvAG8AZgAgAG8AZgAgAGEAIABQAHIAbwBnAHIAYQBtACAARgBJAE4ARAAuAHAAZABmAA8AGgAMAE0AYQBjAGkAbgB0AG8AcwBoACAASABEABIANlVzZXJzL2pwdzQ4L0Ryb3Bib3gvUGFwZXJzL1Byb29mIG9mIGEgUHJvZ3JhbSBGSU5ELnBkZgATAAEvAAAVAAIADP//AACABdIcHR4fWCRjbGFzc2VzWiRjbGFzc25hbWWjHyAhXU5TTXV0YWJsZURhdGFWTlNEYXRhWE5TT2JqZWN0XxArLi4vLi4vLi4vUGFwZXJzL1Byb29mIG9mIGEgUHJvZ3JhbSBGSU5ELnBkZtIcHSQloiUhXE5TRGljdGlvbmFyeRIAAYagXxAPTlNLZXllZEFyY2hpdmVyAAgAEQAWAB8AKAAyADUAOgA8AEUASwBSAF0AZQBsAG8AcQBzAHYAeAB6AHwAhgCTAJgAoAJgAmICZwJwAnsCfwKNApQCnQLLAtAC0wLgAuUAAAAAAAACAQAAAAAAAAAoAAAAAAAAAAAAAAAAAAAC9w==}}

@article{joyal+96,
	Author = {Joyal, Andr{\'e} and Street, Ross and Verity, Dominic},
	Date-Added = {2013-01-05 09:09:51 +0000},
	Date-Modified = {2013-01-05 09:31:57 +0000},
	Journal = {Math. Proc. of the Cambridge Philosophical Society},
	Number = {3},
	Title = {Traced monoidal categories},
	Volume = {119},
	Year = {1996}}

@incollection{selinger11,
	Author = {Selinger, Peter},
	Booktitle = {New Structures for Physics},
	Chapter = {4},
	Date-Added = {2013-01-05 09:09:51 +0000},
	Date-Modified = {2013-01-05 09:09:51 +0000},
	Publisher = {Springer},
	Title = {A survey of graphical languages for monoidal categories},
	Volume = {813},
	Year = {2011},
	Bdsk-File-1 = {YnBsaXN0MDDUAQIDBAUIJidUJHRvcFgkb2JqZWN0c1gkdmVyc2lvblkkYXJjaGl2ZXLRBgdUcm9vdIABqAkKFRYXGyIjVSRudWxs0wsMDQ4RFFpOUy5vYmplY3RzV05TLmtleXNWJGNsYXNzog8QgASABqISE4ACgAOAB1lhbGlhc0RhdGFccmVsYXRpdmVQYXRo0hgNGRpXTlMuZGF0YU8RAiAAAAAAAiAAAgAADE1hY2ludG9zaCBIRAAAAAAAAAAAAAAAAAAAAMpBBgxIKwAAA6wLJh9BIHN1cnZleSBvZiBncmFwaGljIzNBQzBDNkYucGRmAAAAAAAAAAAAAAAAAAAAAAAAAAAAAAAAAAAAAAAAAAADrAxvzLnoywAAAAAAAAAAAAMAAgAACSAAAAAAAAAAAAAAAAAAAAAGUGFwZXJzABAACAAAykDp7AAAABEACAAAzLnauwAAAAEAEAOsCyYDq3L9AAUCrgAAvuwAAgBLTWFjaW50b3NoIEhEOlVzZXJzOgBqcHc0ODoARHJvcGJveDoAUGFwZXJzOgBBIHN1cnZleSBvZiBncmFwaGljIzNBQzBDNkYucGRmAAAOAHgAOwBBACAAcwB1AHIAdgBlAHkAIABvAGYAIABnAHIAYQBwAGgAaQBjAGEAbAAgAGwAYQBuAGcAdQBhAGcAZQBzACAAZgBvAHIAIABtAG8AbgBvAGkAZABhAGwAIABjAGEAdABlAGcAbwByAGkAZQBzAC4AcABkAGYADwAaAAwATQBhAGMAaQBuAHQAbwBzAGgAIABIAEQAEgBWVXNlcnMvanB3NDgvRHJvcGJveC9QYXBlcnMvQSBzdXJ2ZXkgb2YgZ3JhcGhpY2FsIGxhbmd1YWdlcyBmb3IgbW9ub2lkYWwgY2F0ZWdvcmllcy5wZGYAEwABLwAAFQACAAz//wAAgAXSHB0eH1gkY2xhc3Nlc1okY2xhc3NuYW1lox8gIV1OU011dGFibGVEYXRhVk5TRGF0YVhOU09iamVjdF8QSy4uLy4uLy4uL1BhcGVycy9BIHN1cnZleSBvZiBncmFwaGljYWwgbGFuZ3VhZ2VzIGZvciBtb25vaWRhbCBjYXRlZ29yaWVzLnBkZtIcHSQloiUhXE5TRGljdGlvbmFyeRIAAYagXxAPTlNLZXllZEFyY2hpdmVyAAgAEQAWAB8AKAAyADUAOgA8AEUASwBSAF0AZQBsAG8AcQBzAHYAeAB6AHwAhgCTAJgAoALEAsYCywLUAt8C4wLxAvgDAQNPA1QDVwNkA2kAAAAAAAACAQAAAAAAAAAoAAAAAAAAAAAAAAAAAAADew==}}

@inproceedings{gotsman+07,
	Author = {Gotsman, Alexey and Berdine, Josh and Cook, Byron and Rinetzky, Noam and Sagiv, Mooly},
	Booktitle = {APLAS~'07},
	Date-Added = {2013-01-05 09:09:51 +0000},
	Date-Modified = {2013-01-05 10:27:23 +0000},
	Publisher = {Springer},
	Series = {LNCS},
	Title = {Local Reasoning for Storable Locks and Threads},
	Volume = {4807},
	Year = {2007},
	Bdsk-File-1 = {YnBsaXN0MDDUAQIDBAUIJidUJHRvcFgkb2JqZWN0c1gkdmVyc2lvblkkYXJjaGl2ZXLRBgdUcm9vdIABqAkKFRYXGyIjVSRudWxs0wsMDQ4RFFpOUy5vYmplY3RzV05TLmtleXNWJGNsYXNzog8QgASABqISE4ACgAOAB1lhbGlhc0RhdGFccmVsYXRpdmVQYXRo0hgNGRpXTlMuZGF0YU8RAgwAAAAAAgwAAgAADE1hY2ludG9zaCBIRAAAAAAAAAAAAAAAAAAAAMpBBgxIKwAAA6wLJh9Mb2NhbCBSZWFzb25pbmcgZm9yIzNBQzBERkYucGRmAAAAAAAAAAAAAAAAAAAAAAAAAAAAAAAAAAAAAAAAAAADrA3/zL4jIwAAAAAAAAAAAAMAAgAACSAAAAAAAAAAAAAAAAAAAAAGUGFwZXJzABAACAAAykDp7AAAABEACAAAzL4VEwAAAAEAEAOsCyYDq3L9AAUCrgAAvuwAAgBLTWFjaW50b3NoIEhEOlVzZXJzOgBqcHc0ODoARHJvcGJveDoAUGFwZXJzOgBMb2NhbCBSZWFzb25pbmcgZm9yIzNBQzBERkYucGRmAAAOAGoANABMAG8AYwBhAGwAIABSAGUAYQBzAG8AbgBpAG4AZwAgAGYAbwByACAAUwB0AG8AcgBhAGIAbABlACAATABvAGMAawBzACAAYQBuAGQAIABUAGgAcgBlAGEAZABzAC0AYQAuAHAAZABmAA8AGgAMAE0AYQBjAGkAbgB0AG8AcwBoACAASABEABIAT1VzZXJzL2pwdzQ4L0Ryb3Bib3gvUGFwZXJzL0xvY2FsIFJlYXNvbmluZyBmb3IgU3RvcmFibGUgTG9ja3MgYW5kIFRocmVhZHMtYS5wZGYAABMAAS8AABUAAgAM//8AAIAF0hwdHh9YJGNsYXNzZXNaJGNsYXNzbmFtZaMfICFdTlNNdXRhYmxlRGF0YVZOU0RhdGFYTlNPYmplY3RfEEQuLi8uLi8uLi9QYXBlcnMvTG9jYWwgUmVhc29uaW5nIGZvciBTdG9yYWJsZSBMb2NrcyBhbmQgVGhyZWFkcy1hLnBkZtIcHSQloiUhXE5TRGljdGlvbmFyeRIAAYagXxAPTlNLZXllZEFyY2hpdmVyAAgAEQAWAB8AKAAyADUAOgA8AEUASwBSAF0AZQBsAG8AcQBzAHYAeAB6AHwAhgCTAJgAoAKwArICtwLAAssCzwLdAuQC7QM0AzkDPANJA04AAAAAAAACAQAAAAAAAAAoAAAAAAAAAAAAAAAAAAADYA==}}

@unpublished{bornat+12,
	Author = {Bornat, Richard and Dodds, Mike},
	Date-Added = {2013-01-05 09:09:51 +0000},
	Date-Modified = {2013-01-08 10:20:26 +0000},
	Note = {Draft},
	Title = {Abducing barriers for {Power} and {ARM}},
	Url = {http://www.eis.mdx.ac.uk/staffpages/r_bornat/papers/abducingbarriers.pdf},
	Year = {2012},
	Bdsk-File-1 = {YnBsaXN0MDDUAQIDBAUIJidUJHRvcFgkb2JqZWN0c1gkdmVyc2lvblkkYXJjaGl2ZXLRBgdUcm9vdIABqAkKFRYXGyIjVSRudWxs0wsMDQ4RFFpOUy5vYmplY3RzV05TLmtleXNWJGNsYXNzog8QgASABqISE4ACgAOAB1lhbGlhc0RhdGFccmVsYXRpdmVQYXRo0hgNGRpXTlMuZGF0YU8RAcAAAAAAAcAAAgAADE1hY2ludG9zaCBIRAAAAAAAAAAAAAAAAAAAAMpBBgxIKwAAA6wLJhxBYmR1Y2luZyBtZW1vcnkgYmFycmllcnMucGRmAAAAAAAAAAAAAAAAAAAAAAAAAAAAAAAAAAAAAAAAAAAAAAADrAynzLno+wAAAAAAAAAAAAMAAgAACSAAAAAAAAAAAAAAAAAAAAAGUGFwZXJzABAACAAAykDp7AAAABEACAAAzLna6wAAAAEAEAOsCyYDq3L9AAUCrgAAvuwAAgBITWFjaW50b3NoIEhEOlVzZXJzOgBqcHc0ODoARHJvcGJveDoAUGFwZXJzOgBBYmR1Y2luZyBtZW1vcnkgYmFycmllcnMucGRmAA4AOgAcAEEAYgBkAHUAYwBpAG4AZwAgAG0AZQBtAG8AcgB5ACAAYgBhAHIAcgBpAGUAcgBzAC4AcABkAGYADwAaAAwATQBhAGMAaQBuAHQAbwBzAGgAIABIAEQAEgA3VXNlcnMvanB3NDgvRHJvcGJveC9QYXBlcnMvQWJkdWNpbmcgbWVtb3J5IGJhcnJpZXJzLnBkZgAAEwABLwAAFQACAAz//wAAgAXSHB0eH1gkY2xhc3Nlc1okY2xhc3NuYW1lox8gIV1OU011dGFibGVEYXRhVk5TRGF0YVhOU09iamVjdF8QLC4uLy4uLy4uL1BhcGVycy9BYmR1Y2luZyBtZW1vcnkgYmFycmllcnMucGRm0hwdJCWiJSFcTlNEaWN0aW9uYXJ5EgABhqBfEA9OU0tleWVkQXJjaGl2ZXIACAARABYAHwAoADIANQA6ADwARQBLAFIAXQBlAGwAbwBxAHMAdgB4AHoAfACGAJMAmACgAmQCZgJrAnQCfwKDApECmAKhAtAC1QLYAuUC6gAAAAAAAAIBAAAAAAAAACgAAAAAAAAAAAAAAAAAAAL8},
	Bdsk-Url-1 = {http://www.eis.mdx.ac.uk/staffpages/r_bornat/papers/abducingbarriers.pdf}}

@article{girard87,
	Author = {Girard, Jean-Yves},
	Date-Added = {2013-01-05 09:09:51 +0000},
	Date-Modified = {2013-01-05 09:33:26 +0000},
	Journal = {Theor. Comput. Sci.},
	Title = {Linear Logic},
	Volume = {50},
	Year = {1987},
	Bdsk-File-1 = {YnBsaXN0MDDUAQIDBAUIJidUJHRvcFgkb2JqZWN0c1gkdmVyc2lvblkkYXJjaGl2ZXLRBgdUcm9vdIABqAkKFRYXGyIjVSRudWxs0wsMDQ4RFFpOUy5vYmplY3RzV05TLmtleXNWJGNsYXNzog8QgASABqISE4ACgAOAB1lhbGlhc0RhdGFccmVsYXRpdmVQYXRo0hgNGRpXTlMuZGF0YU8RAZgAAAAAAZgAAgAADE1hY2ludG9zaCBIRAAAAAAAAAAAAAAAAAAAAMpBBgxIKwAAA6wLJhJMaW5lYXIgTG9naWMtYS5wZGYAAAAAAAAAAAAAAAAAAAAAAAAAAAAAAAAAAAAAAAAAAAAAAAAAAAAAAAAAAAADrA3nzL4i9QAAAAAAAAAAAAMAAgAACSAAAAAAAAAAAAAAAAAAAAAGUGFwZXJzABAACAAAykDp7AAAABEACAAAzL4U5QAAAAEAEAOsCyYDq3L9AAUCrgAAvuwAAgA+TWFjaW50b3NoIEhEOlVzZXJzOgBqcHc0ODoARHJvcGJveDoAUGFwZXJzOgBMaW5lYXIgTG9naWMtYS5wZGYADgAmABIATABpAG4AZQBhAHIAIABMAG8AZwBpAGMALQBhAC4AcABkAGYADwAaAAwATQBhAGMAaQBuAHQAbwBzAGgAIABIAEQAEgAtVXNlcnMvanB3NDgvRHJvcGJveC9QYXBlcnMvTGluZWFyIExvZ2ljLWEucGRmAAATAAEvAAAVAAIADP//AACABdIcHR4fWCRjbGFzc2VzWiRjbGFzc25hbWWjHyAhXU5TTXV0YWJsZURhdGFWTlNEYXRhWE5TT2JqZWN0XxAiLi4vLi4vLi4vUGFwZXJzL0xpbmVhciBMb2dpYy1hLnBkZtIcHSQloiUhXE5TRGljdGlvbmFyeRIAAYagXxAPTlNLZXllZEFyY2hpdmVyAAgAEQAWAB8AKAAyADUAOgA8AEUASwBSAF0AZQBsAG8AcQBzAHYAeAB6AHwAhgCTAJgAoAI8Aj4CQwJMAlcCWwJpAnACeQKeAqMCpgKzArgAAAAAAAACAQAAAAAAAAAoAAAAAAAAAAAAAAAAAAACyg==}}

@book{milner09,
	Author = {Milner, Robin},
	Date-Added = {2013-01-05 09:09:51 +0000},
	Date-Modified = {2013-01-05 09:09:51 +0000},
	Publisher = {Cambridge University Press},
	Title = {The Space and Motion of Communicating Agents},
	Year = {2009},
	Bdsk-File-1 = {YnBsaXN0MDDUAQIDBAUIJidUJHRvcFgkb2JqZWN0c1gkdmVyc2lvblkkYXJjaGl2ZXLRBgdUcm9vdIABqAkKFRYXGyIjVSRudWxs0wsMDQ4RFFpOUy5vYmplY3RzV05TLmtleXNWJGNsYXNzog8QgASABqISE4ACgAOAB1lhbGlhc0RhdGFccmVsYXRpdmVQYXRo0hgNGRpXTlMuZGF0YU8RAgAAAAAAAgAAAgAADE1hY2ludG9zaCBIRAAAAAAAAAAAAAAAAAAAAMpBBgxIKwAAA6wLJh9UaGUgU3BhY2UgYW5kIE1vdGlvIzNBQzBGQTQucGRmAAAAAAAAAAAAAAAAAAAAAAAAAAAAAAAAAAAAAAAAAAADrA+kzL4mPAAAAAAAAAAAAAMAAgAACSAAAAAAAAAAAAAAAAAAAAAGUGFwZXJzABAACAAAykDp7AAAABEACAAAzL4YLAAAAAEAEAOsCyYDq3L9AAUCrgAAvuwAAgBLTWFjaW50b3NoIEhEOlVzZXJzOgBqcHc0ODoARHJvcGJveDoAUGFwZXJzOgBUaGUgU3BhY2UgYW5kIE1vdGlvIzNBQzBGQTQucGRmAAAOAGIAMABUAGgAZQAgAFMAcABhAGMAZQAgAGEAbgBkACAATQBvAHQAaQBvAG4AIABvAGYAIABDAG8AbQBtAHUAbgBpAGMAYQB0AGkAbgBnACAAQQBnAGUAbgB0AHMALgBwAGQAZgAPABoADABNAGEAYwBpAG4AdABvAHMAaAAgAEgARAASAEtVc2Vycy9qcHc0OC9Ecm9wYm94L1BhcGVycy9UaGUgU3BhY2UgYW5kIE1vdGlvbiBvZiBDb21tdW5pY2F0aW5nIEFnZW50cy5wZGYAABMAAS8AABUAAgAM//8AAIAF0hwdHh9YJGNsYXNzZXNaJGNsYXNzbmFtZaMfICFdTlNNdXRhYmxlRGF0YVZOU0RhdGFYTlNPYmplY3RfEEAuLi8uLi8uLi9QYXBlcnMvVGhlIFNwYWNlIGFuZCBNb3Rpb24gb2YgQ29tbXVuaWNhdGluZyBBZ2VudHMucGRm0hwdJCWiJSFcTlNEaWN0aW9uYXJ5EgABhqBfEA9OU0tleWVkQXJjaGl2ZXIACAARABYAHwAoADIANQA6ADwARQBLAFIAXQBlAGwAbwBxAHMAdgB4AHoAfACGAJMAmACgAqQCpgKrArQCvwLDAtEC2ALhAyQDKQMsAzkDPgAAAAAAAAIBAAAAAAAAACgAAAAAAAAAAAAAAAAAAANQ}}

@article{ohearn07,
	Author = {O'Hearn, Peter W.},
	Date-Added = {2013-01-05 09:09:51 +0000},
	Date-Modified = {2013-01-05 09:33:08 +0000},
	Journal = {Theor. Comput. Sci.},
	Number = {1-3},
	Title = {Resources, Concurrency and Local Reasoning},
	Volume = {375},
	Year = {2007},
	Bdsk-File-1 = {YnBsaXN0MDDUAQIDBAUIJidUJHRvcFgkb2JqZWN0c1gkdmVyc2lvblkkYXJjaGl2ZXLRBgdUcm9vdIABqAkKFRYXGyIjVSRudWxs0wsMDQ4RFFpOUy5vYmplY3RzV05TLmtleXNWJGNsYXNzog8QgASABqISE4ACgAOAB1lhbGlhc0RhdGFccmVsYXRpdmVQYXRo0hgNGRpXTlMuZGF0YU8RAfoAAAAAAfoAAgAADE1hY2ludG9zaCBIRAAAAAAAAAAAAAAAAAAAAMpBBgxIKwAAA6wLJh9SZXNvdXJjZXMsIENvbmN1cnJlIzNBQzBFQjEucGRmAAAAAAAAAAAAAAAAAAAAAAAAAAAAAAAAAAAAAAAAAAADrA6xzL4kQwAAAAAAAAAAAAMAAgAACSAAAAAAAAAAAAAAAAAAAAAGUGFwZXJzABAACAAAykDp7AAAABEACAAAzL4WMwAAAAEAEAOsCyYDq3L9AAUCrgAAvuwAAgBLTWFjaW50b3NoIEhEOlVzZXJzOgBqcHc0ODoARHJvcGJveDoAUGFwZXJzOgBSZXNvdXJjZXMsIENvbmN1cnJlIzNBQzBFQjEucGRmAAAOAF4ALgBSAGUAcwBvAHUAcgBjAGUAcwAsACAAQwBvAG4AYwB1AHIAcgBlAG4AYwB5ACAAYQBuAGQAIABMAG8AYwBhAGwAIABSAGUAYQBzAG8AbgBpAG4AZwAuAHAAZABmAA8AGgAMAE0AYQBjAGkAbgB0AG8AcwBoACAASABEABIASVVzZXJzL2pwdzQ4L0Ryb3Bib3gvUGFwZXJzL1Jlc291cmNlcywgQ29uY3VycmVuY3kgYW5kIExvY2FsIFJlYXNvbmluZy5wZGYAABMAAS8AABUAAgAM//8AAIAF0hwdHh9YJGNsYXNzZXNaJGNsYXNzbmFtZaMfICFdTlNNdXRhYmxlRGF0YVZOU0RhdGFYTlNPYmplY3RfED4uLi8uLi8uLi9QYXBlcnMvUmVzb3VyY2VzLCBDb25jdXJyZW5jeSBhbmQgTG9jYWwgUmVhc29uaW5nLnBkZtIcHSQloiUhXE5TRGljdGlvbmFyeRIAAYagXxAPTlNLZXllZEFyY2hpdmVyAAgAEQAWAB8AKAAyADUAOgA8AEUASwBSAF0AZQBsAG8AcQBzAHYAeAB6AHwAhgCTAJgAoAKeAqACpQKuArkCvQLLAtIC2wMcAyEDJAMxAzYAAAAAAAACAQAAAAAAAAAoAAAAAAAAAAAAAAAAAAADSA==}}

@book{fitch52,
	Author = {Fitch, Frederick B.},
	Date-Added = {2013-01-05 09:09:51 +0000},
	Date-Modified = {2013-01-05 09:09:51 +0000},
	Publisher = {Ronald Press Co.},
	Title = {Symbolic Logic: An Introduction},
	Year = {1952}}

@inproceedings{raza+09,
	Author = {Raza, Mohammad and Calcagno, Cristiano and Gardner, Philippa},
	Booktitle = {ESOP~'09},
	Date-Added = {2013-01-05 09:09:51 +0000},
	Date-Modified = {2013-01-05 10:27:32 +0000},
	Publisher = {Springer},
	Series = {LNCS},
	Title = {Automatic Parallelization with Separation Logic},
	Volume = {5502},
	Year = {2009},
	Bdsk-File-1 = {YnBsaXN0MDDUAQIDBAUIJidUJHRvcFgkb2JqZWN0c1gkdmVyc2lvblkkYXJjaGl2ZXLRBgdUcm9vdIABqAkKFRYXGyIjVSRudWxs0wsMDQ4RFFpOUy5vYmplY3RzV05TLmtleXNWJGNsYXNzog8QgASABqISE4ACgAOAB1lhbGlhc0RhdGFccmVsYXRpdmVQYXRo0hgNGRpXTlMuZGF0YU8RAggAAAAAAggAAgAADE1hY2ludG9zaCBIRAAAAAAAAAAAAAAAAAAAAMpBBgxIKwAAA6wLJh9BdXRvbWF0aWMgUGFyYWxsZWxpIzNBQzBDRTEucGRmAAAAAAAAAAAAAAAAAAAAAAAAAAAAAAAAAAAAAAAAAAADrAzhzLnrCwAAAAAAAAAAAAMAAgAACSAAAAAAAAAAAAAAAAAAAAAGUGFwZXJzABAACAAAykDp7AAAABEACAAAzLnc+wAAAAEAEAOsCyYDq3L9AAUCrgAAvuwAAgBLTWFjaW50b3NoIEhEOlVzZXJzOgBqcHc0ODoARHJvcGJveDoAUGFwZXJzOgBBdXRvbWF0aWMgUGFyYWxsZWxpIzNBQzBDRTEucGRmAAAOAGgAMwBBAHUAdABvAG0AYQB0AGkAYwAgAFAAYQByAGEAbABsAGUAbABpAHoAYQB0AGkAbwBuACAAdwBpAHQAaAAgAFMAZQBwAGEAcgBhAHQAaQBvAG4AIABMAG8AZwBpAGMALgBwAGQAZgAPABoADABNAGEAYwBpAG4AdABvAHMAaAAgAEgARAASAE5Vc2Vycy9qcHc0OC9Ecm9wYm94L1BhcGVycy9BdXRvbWF0aWMgUGFyYWxsZWxpemF0aW9uIHdpdGggU2VwYXJhdGlvbiBMb2dpYy5wZGYAEwABLwAAFQACAAz//wAAgAXSHB0eH1gkY2xhc3Nlc1okY2xhc3NuYW1lox8gIV1OU011dGFibGVEYXRhVk5TRGF0YVhOU09iamVjdF8QQy4uLy4uLy4uL1BhcGVycy9BdXRvbWF0aWMgUGFyYWxsZWxpemF0aW9uIHdpdGggU2VwYXJhdGlvbiBMb2dpYy5wZGbSHB0kJaIlIVxOU0RpY3Rpb25hcnkSAAGGoF8QD05TS2V5ZWRBcmNoaXZlcgAIABEAFgAfACgAMgA1ADoAPABFAEsAUgBdAGUAbABvAHEAcwB2AHgAegB8AIYAkwCYAKACrAKuArMCvALHAssC2QLgAukDLwM0AzcDRANJAAAAAAAAAgEAAAAAAAAAKAAAAAAAAAAAAAAAAAAAA1s=}}

@article{ohearn+99,
	Author = {O'Hearn, Peter W. and Pym, David J.},
	Date-Added = {2013-01-05 09:09:51 +0000},
	Date-Modified = {2013-01-05 09:35:08 +0000},
	Journal = {B. Symb. Log.},
	Number = {2},
	Title = {The Logic of Bunched Implications},
	Volume = {5},
	Year = {1999},
	Bdsk-File-1 = {YnBsaXN0MDDUAQIDBAUIJidUJHRvcFgkb2JqZWN0c1gkdmVyc2lvblkkYXJjaGl2ZXLRBgdUcm9vdIABqAkKFRYXGyIjVSRudWxs0wsMDQ4RFFpOUy5vYmplY3RzV05TLmtleXNWJGNsYXNzog8QgASABqISE4ACgAOAB1lhbGlhc0RhdGFccmVsYXRpdmVQYXRo0hgNGRpXTlMuZGF0YU8RAd4AAAAAAd4AAgAADE1hY2ludG9zaCBIRAAAAAAAAAAAAAAAAAAAAMpBBgxIKwAAA6wLJh9UaGUgTG9naWMgb2YgQnVuY2hlIzNBQzBGNUQucGRmAAAAAAAAAAAAAAAAAAAAAAAAAAAAAAAAAAAAAAAAAAADrA9dzL4lawAAAAAAAAAAAAMAAgAACSAAAAAAAAAAAAAAAAAAAAAGUGFwZXJzABAACAAAykDp7AAAABEACAAAzL4XWwAAAAEAEAOsCyYDq3L9AAUCrgAAvuwAAgBLTWFjaW50b3NoIEhEOlVzZXJzOgBqcHc0ODoARHJvcGJveDoAUGFwZXJzOgBUaGUgTG9naWMgb2YgQnVuY2hlIzNBQzBGNUQucGRmAAAOAEwAJQBUAGgAZQAgAEwAbwBnAGkAYwAgAG8AZgAgAEIAdQBuAGMAaABlAGQAIABJAG0AcABsAGkAYwBhAHQAaQBvAG4AcwAuAHAAZABmAA8AGgAMAE0AYQBjAGkAbgB0AG8AcwBoACAASABEABIAQFVzZXJzL2pwdzQ4L0Ryb3Bib3gvUGFwZXJzL1RoZSBMb2dpYyBvZiBCdW5jaGVkIEltcGxpY2F0aW9ucy5wZGYAEwABLwAAFQACAAz//wAAgAXSHB0eH1gkY2xhc3Nlc1okY2xhc3NuYW1lox8gIV1OU011dGFibGVEYXRhVk5TRGF0YVhOU09iamVjdF8QNS4uLy4uLy4uL1BhcGVycy9UaGUgTG9naWMgb2YgQnVuY2hlZCBJbXBsaWNhdGlvbnMucGRm0hwdJCWiJSFcTlNEaWN0aW9uYXJ5EgABhqBfEA9OU0tleWVkQXJjaGl2ZXIACAARABYAHwAoADIANQA6ADwARQBLAFIAXQBlAGwAbwBxAHMAdgB4AHoAfACGAJMAmACgAoIChAKJApICnQKhAq8CtgK/AvcC/AL/AwwDEQAAAAAAAAIBAAAAAAAAACgAAAAAAAAAAAAAAAAAAAMj}}

@inproceedings{wickerson+10,
	Author = {Wickerson, John and Dodds, Mike and Parkinson, Matthew J.},
	Booktitle = {ESOP~'10},
	Date-Added = {2013-01-05 09:09:51 +0000},
	Date-Modified = {2013-01-05 10:27:39 +0000},
	Publisher = {Springer},
	Series = {LNCS},
	Title = {Explicit Stabilisation for Modular Rely-Guarantee Reasoning},
	Volume = {6012},
	Year = {2010},
	Bdsk-File-1 = {YnBsaXN0MDDUAQIDBAUIJidUJHRvcFgkb2JqZWN0c1gkdmVyc2lvblkkYXJjaGl2ZXLRBgdUcm9vdIABqAkKFRYXGyIjVSRudWxs0wsMDQ4RFFpOUy5vYmplY3RzV05TLmtleXNWJGNsYXNzog8QgASABqISE4ACgAOAB1lhbGlhc0RhdGFccmVsYXRpdmVQYXRo0hgNGRpXTlMuZGF0YU8RAiwAAAAAAiwAAgAADE1hY2ludG9zaCBIRAAAAAAAAAAAAAAAAAAAAMpBBgxIKwAAA6wLJh9FeHBsaWNpdCBTdGFiaWxpc2F0IzQwOUNBMDQucGRmAAAAAAAAAAAAAAAAAAAAAAAAAAAAAAAAAAAAAAAAAAAECcoEzQ3ahQAAAAAAAAAAAAMAAgAACSAAAAAAAAAAAAAAAAAAAAAGUGFwZXJzABAACAAAykDp7AAAABEACAAAzQ3MdQAAAAEAEAOsCyYDq3L9AAUCrgAAvuwAAgBLTWFjaW50b3NoIEhEOlVzZXJzOgBqcHc0ODoARHJvcGJveDoAUGFwZXJzOgBFeHBsaWNpdCBTdGFiaWxpc2F0IzQwOUNBMDQucGRmAAAOAIAAPwBFAHgAcABsAGkAYwBpAHQAIABTAHQAYQBiAGkAbABpAHMAYQB0AGkAbwBuACAAZgBvAHIAIABNAG8AZAB1AGwAYQByACAAUgBlAGwAeQAtAEcAdQBhAHIAYQBuAHQAZQBlACAAUgBlAGEAcwBvAG4AaQBuAGcALgBwAGQAZgAPABoADABNAGEAYwBpAG4AdABvAHMAaAAgAEgARAASAFpVc2Vycy9qcHc0OC9Ecm9wYm94L1BhcGVycy9FeHBsaWNpdCBTdGFiaWxpc2F0aW9uIGZvciBNb2R1bGFyIFJlbHktR3VhcmFudGVlIFJlYXNvbmluZy5wZGYAEwABLwAAFQACAAz//wAAgAXSHB0eH1gkY2xhc3Nlc1okY2xhc3NuYW1lox8gIV1OU011dGFibGVEYXRhVk5TRGF0YVhOU09iamVjdF8QTy4uLy4uLy4uL1BhcGVycy9FeHBsaWNpdCBTdGFiaWxpc2F0aW9uIGZvciBNb2R1bGFyIFJlbHktR3VhcmFudGVlIFJlYXNvbmluZy5wZGbSHB0kJaIlIVxOU0RpY3Rpb25hcnkSAAGGoF8QD05TS2V5ZWRBcmNoaXZlcgAIABEAFgAfACgAMgA1ADoAPABFAEsAUgBdAGUAbABvAHEAcwB2AHgAegB8AIYAkwCYAKAC0ALSAtcC4ALrAu8C/QMEAw0DXwNkA2cDdAN5AAAAAAAAAgEAAAAAAAAAKAAAAAAAAAAAAAAAAAAAA4s=}}

@article{owicki+76,
	Author = {Owicki, Susan and Gries, David},
	Date-Added = {2013-01-05 09:09:51 +0000},
	Date-Modified = {2013-01-05 09:35:21 +0000},
	Journal = {Acta Informatica},
	Title = {An Axiomatic Proof Technique for Parallel Programs {I}},
	Volume = {6},
	Year = {1976},
	Bdsk-File-1 = {YnBsaXN0MDDUAQIDBAUIJidUJHRvcFgkb2JqZWN0c1gkdmVyc2lvblkkYXJjaGl2ZXLRBgdUcm9vdIABqAkKFRYXGyIjVSRudWxs0wsMDQ4RFFpOUy5vYmplY3RzV05TLmtleXNWJGNsYXNzog8QgASABqISE4ACgAOAB1lhbGlhc0RhdGFccmVsYXRpdmVQYXRo0hgNGRpXTlMuZGF0YU8RAhgAAAAAAhgAAgAADE1hY2ludG9zaCBIRAAAAAAAAAAAAAAAAAAAAMpBBgxIKwAAA6wLJh9BbiBBeGlvbWF0aWMgUHJvb2YgIzNBQzBDQkEucGRmAAAAAAAAAAAAAAAAAAAAAAAAAAAAAAAAAAAAAAAAAAADrAy6zLnpigAAAAAAAAAAAAMAAgAACSAAAAAAAAAAAAAAAAAAAAAGUGFwZXJzABAACAAAykDp7AAAABEACAAAzLnbegAAAAEAEAOsCyYDq3L9AAUCrgAAvuwAAgBLTWFjaW50b3NoIEhEOlVzZXJzOgBqcHc0ODoARHJvcGJveDoAUGFwZXJzOgBBbiBBeGlvbWF0aWMgUHJvb2YgIzNBQzBDQkEucGRmAAAOAHIAOABBAG4AIABBAHgAaQBvAG0AYQB0AGkAYwAgAFAAcgBvAG8AZgAgAFQAZQBjAGgAbgBpAHEAdQBlACAAZgBvAHIAIABQAGEAcgBhAGwAbABlAGwAIABQAHIAbwBnAHIAYQBtAHMAIABJAC4AcABkAGYADwAaAAwATQBhAGMAaQBuAHQAbwBzAGgAIABIAEQAEgBTVXNlcnMvanB3NDgvRHJvcGJveC9QYXBlcnMvQW4gQXhpb21hdGljIFByb29mIFRlY2huaXF1ZSBmb3IgUGFyYWxsZWwgUHJvZ3JhbXMgSS5wZGYAABMAAS8AABUAAgAM//8AAIAF0hwdHh9YJGNsYXNzZXNaJGNsYXNzbmFtZaMfICFdTlNNdXRhYmxlRGF0YVZOU0RhdGFYTlNPYmplY3RfEEguLi8uLi8uLi9QYXBlcnMvQW4gQXhpb21hdGljIFByb29mIFRlY2huaXF1ZSBmb3IgUGFyYWxsZWwgUHJvZ3JhbXMgSS5wZGbSHB0kJaIlIVxOU0RpY3Rpb25hcnkSAAGGoF8QD05TS2V5ZWRBcmNoaXZlcgAIABEAFgAfACgAMgA1ADoAPABFAEsAUgBdAGUAbABvAHEAcwB2AHgAegB8AIYAkwCYAKACvAK+AsMCzALXAtsC6QLwAvkDRANJA0wDWQNeAAAAAAAAAgEAAAAAAAAAKAAAAAAAAAAAAAAAAAAAA3A=}}

@phdthesis{bean06,
	Author = {Bean, Jules},
	Date-Added = {2013-01-05 09:09:51 +0000},
	Date-Modified = {2013-01-05 09:09:51 +0000},
	School = {Queen Mary University of London},
	Title = {Ribbon Proofs - A Proof System for the Logic of Bunched Implications},
	Year = {2006},
	Bdsk-File-1 = {YnBsaXN0MDDUAQIDBAUIJidUJHRvcFgkb2JqZWN0c1gkdmVyc2lvblkkYXJjaGl2ZXLRBgdUcm9vdIABqAkKFRYXGyIjVSRudWxs0wsMDQ4RFFpOUy5vYmplY3RzV05TLmtleXNWJGNsYXNzog8QgASABqISE4ACgAOAB1lhbGlhc0RhdGFccmVsYXRpdmVQYXRo0hgNGRpXTlMuZGF0YU8RAkgAAAAAAkgAAgAADE1hY2ludG9zaCBIRAAAAAAAAAAAAAAAAAAAAMpBBgxIKwAAA6wLJh9SaWJib24gUHJvb2ZzIC0gQSBQIzNBQzBFQjUucGRmAAAAAAAAAAAAAAAAAAAAAAAAAAAAAAAAAAAAAAAAAAADrA61zL4kRgAAAAAAAAAAAAMAAgAACSAAAAAAAAAAAAAAAAAAAAAGUGFwZXJzABAACAAAykDp7AAAABEACAAAzL4WNgAAAAEAEAOsCyYDq3L9AAUCrgAAvuwAAgBLTWFjaW50b3NoIEhEOlVzZXJzOgBqcHc0ODoARHJvcGJveDoAUGFwZXJzOgBSaWJib24gUHJvb2ZzIC0gQSBQIzNBQzBFQjUucGRmAAAOAJIASABSAGkAYgBiAG8AbgAgAFAAcgBvAG8AZgBzACAALQAgAEEAIABQAHIAbwBvAGYAIABTAHkAcwB0AGUAbQAgAGYAbwByACAAdABoAGUAIABMAG8AZwBpAGMAIABvAGYAIABCAHUAbgBjAGgAZQBkACAASQBtAHAAbABpAGMAYQB0AGkAbwBuAHMALgBwAGQAZgAPABoADABNAGEAYwBpAG4AdABvAHMAaAAgAEgARAASAGNVc2Vycy9qcHc0OC9Ecm9wYm94L1BhcGVycy9SaWJib24gUHJvb2ZzIC0gQSBQcm9vZiBTeXN0ZW0gZm9yIHRoZSBMb2dpYyBvZiBCdW5jaGVkIEltcGxpY2F0aW9ucy5wZGYAABMAAS8AABUAAgAM//8AAIAF0hwdHh9YJGNsYXNzZXNaJGNsYXNzbmFtZaMfICFdTlNNdXRhYmxlRGF0YVZOU0RhdGFYTlNPYmplY3RfEFguLi8uLi8uLi9QYXBlcnMvUmliYm9uIFByb29mcyAtIEEgUHJvb2YgU3lzdGVtIGZvciB0aGUgTG9naWMgb2YgQnVuY2hlZCBJbXBsaWNhdGlvbnMucGRm0hwdJCWiJSFcTlNEaWN0aW9uYXJ5EgABhqBfEA9OU0tleWVkQXJjaGl2ZXIACAARABYAHwAoADIANQA6ADwARQBLAFIAXQBlAGwAbwBxAHMAdgB4AHoAfACGAJMAmACgAuwC7gLzAvwDBwMLAxkDIAMpA4QDiQOMA5kDngAAAAAAAAIBAAAAAAAAACgAAAAAAAAAAAAAAAAAAAOw}}

@inproceedings{ishtiaq+01,
	Author = {Ishtiaq, Samin and O'Hearn, Peter W.},
	Booktitle = {POPL~'01},
	Date-Added = {2013-01-05 09:09:51 +0000},
	Date-Modified = {2013-01-05 10:26:11 +0000},
	Publisher = {ACM Press},
	Title = {{BI} as an Assertion Language for Mutable Data Structures},
	Year = {2001}}

@article{hoare69,
	Author = {Hoare, C. A. R.},
	Date-Added = {2013-01-05 09:09:51 +0000},
	Date-Modified = {2013-01-05 09:29:08 +0000},
	Journal = {Communications of the ACM},
	Number = {10},
	Title = {An Axiomatic Basis for Computer Programming},
	Volume = {12},
	Year = {1969},
	Bdsk-File-1 = {YnBsaXN0MDDUAQIDBAUIJidUJHRvcFgkb2JqZWN0c1gkdmVyc2lvblkkYXJjaGl2ZXLRBgdUcm9vdIABqAkKFRYXGyIjVSRudWxs0wsMDQ4RFFpOUy5vYmplY3RzV05TLmtleXNWJGNsYXNzog8QgASABqISE4ACgAOAB1lhbGlhc0RhdGFccmVsYXRpdmVQYXRo0hgNGRpXTlMuZGF0YU8RAfwAAAAAAfwAAgAADE1hY2ludG9zaCBIRAAAAAAAAAAAAAAAAAAAAMpBBgxIKwAAA6wLJh9BbiBBeGlvbWF0aWMgQmFzaXMgIzNBQzBDQjkucGRmAAAAAAAAAAAAAAAAAAAAAAAAAAAAAAAAAAAAAAAAAAADrAy5zLnpeQAAAAAAAAAAAAMAAgAACSAAAAAAAAAAAAAAAAAAAAAGUGFwZXJzABAACAAAykDp7AAAABEACAAAzLnbaQAAAAEAEAOsCyYDq3L9AAUCrgAAvuwAAgBLTWFjaW50b3NoIEhEOlVzZXJzOgBqcHc0ODoARHJvcGJveDoAUGFwZXJzOgBBbiBBeGlvbWF0aWMgQmFzaXMgIzNBQzBDQjkucGRmAAAOAGAALwBBAG4AIABBAHgAaQBvAG0AYQB0AGkAYwAgAEIAYQBzAGkAcwAgAGYAbwByACAAQwBvAG0AcAB1AHQAZQByACAAUAByAG8AZwByAGEAbQBtAGkAbgBnAC4AcABkAGYADwAaAAwATQBhAGMAaQBuAHQAbwBzAGgAIABIAEQAEgBKVXNlcnMvanB3NDgvRHJvcGJveC9QYXBlcnMvQW4gQXhpb21hdGljIEJhc2lzIGZvciBDb21wdXRlciBQcm9ncmFtbWluZy5wZGYAEwABLwAAFQACAAz//wAAgAXSHB0eH1gkY2xhc3Nlc1okY2xhc3NuYW1lox8gIV1OU011dGFibGVEYXRhVk5TRGF0YVhOU09iamVjdF8QPy4uLy4uLy4uL1BhcGVycy9BbiBBeGlvbWF0aWMgQmFzaXMgZm9yIENvbXB1dGVyIFByb2dyYW1taW5nLnBkZtIcHSQloiUhXE5TRGljdGlvbmFyeRIAAYagXxAPTlNLZXllZEFyY2hpdmVyAAgAEQAWAB8AKAAyADUAOgA8AEUASwBSAF0AZQBsAG8AcQBzAHYAeAB6AHwAhgCTAJgAoAKgAqICpwKwArsCvwLNAtQC3QMfAyQDJwM0AzkAAAAAAAACAQAAAAAAAAAoAAAAAAAAAAAAAAAAAAADSw==}}

@inproceedings{dinsdale-young+10-b,
	Author = {Dinsdale-Young, Thomas and Dodds, Mike and Gardner, Philippa and Parkinson, Matthew J. and Vafeiadis, Viktor},
	Booktitle = {ECOOP~'10},
	Date-Added = {2013-01-05 09:09:51 +0000},
	Date-Modified = {2013-01-05 10:27:12 +0000},
	Publisher = {Springer},
	Series = {LNCS},
	Title = {Concurrent Abstract Predicates},
	Volume = {6183},
	Year = {2010},
	Bdsk-File-1 = {YnBsaXN0MDDUAQIDBAUIJidUJHRvcFgkb2JqZWN0c1gkdmVyc2lvblkkYXJjaGl2ZXLRBgdUcm9vdIABqAkKFRYXGyIjVSRudWxs0wsMDQ4RFFpOUy5vYmplY3RzV05TLmtleXNWJGNsYXNzog8QgASABqISE4ACgAOAB1lhbGlhc0RhdGFccmVsYXRpdmVQYXRo0hgNGRpXTlMuZGF0YU8RAdwAAAAAAdwAAgAADE1hY2ludG9zaCBIRAAAAAAAAAAAAAAAAAAAAMpBBgxIKwAAA6wLJh9Db25jdXJyZW50IEFic3RyYWN0IzNBQzBEMjkucGRmAAAAAAAAAAAAAAAAAAAAAAAAAAAAAAAAAAAAAAAAAAADrA0pzLlcegAAAAAAAAAAAAMAAgAACSAAAAAAAAAAAAAAAAAAAAAGUGFwZXJzABAACAAAykDp7AAAABEACAAAzLlOagAAAAEAEAOsCyYDq3L9AAUCrgAAvuwAAgBLTWFjaW50b3NoIEhEOlVzZXJzOgBqcHc0ODoARHJvcGJveDoAUGFwZXJzOgBDb25jdXJyZW50IEFic3RyYWN0IzNBQzBEMjkucGRmAAAOAEoAJABDAG8AbgBjAHUAcgByAGUAbgB0ACAAQQBiAHMAdAByAGEAYwB0ACAAUAByAGUAZABpAGMAYQB0AGUAcwAtAGEALgBwAGQAZgAPABoADABNAGEAYwBpAG4AdABvAHMAaAAgAEgARAASAD9Vc2Vycy9qcHc0OC9Ecm9wYm94L1BhcGVycy9Db25jdXJyZW50IEFic3RyYWN0IFByZWRpY2F0ZXMtYS5wZGYAABMAAS8AABUAAgAM//8AAIAF0hwdHh9YJGNsYXNzZXNaJGNsYXNzbmFtZaMfICFdTlNNdXRhYmxlRGF0YVZOU0RhdGFYTlNPYmplY3RfEDQuLi8uLi8uLi9QYXBlcnMvQ29uY3VycmVudCBBYnN0cmFjdCBQcmVkaWNhdGVzLWEucGRm0hwdJCWiJSFcTlNEaWN0aW9uYXJ5EgABhqBfEA9OU0tleWVkQXJjaGl2ZXIACAARABYAHwAoADIANQA6ADwARQBLAFIAXQBlAGwAbwBxAHMAdgB4AHoAfACGAJMAmACgAoACggKHApACmwKfAq0CtAK9AvQC+QL8AwkDDgAAAAAAAAIBAAAAAAAAACgAAAAAAAAAAAAAAAAAAAMg}}

@inproceedings{dodds+09,
	Author = {Dodds, Mike and Feng, Xinyu and Parkinson, Matthew J. and Vafeiadis, Viktor},
	Booktitle = {ESOP~'09},
	Date-Added = {2013-01-05 09:09:51 +0000},
	Date-Modified = {2013-01-05 10:27:16 +0000},
	Publisher = {Springer},
	Series = {LNCS},
	Title = {Deny-Guarantee Reasoning},
	Volume = {5502},
	Year = {2009},
	Bdsk-File-1 = {YnBsaXN0MDDUAQIDBAUIJidUJHRvcFgkb2JqZWN0c1gkdmVyc2lvblkkYXJjaGl2ZXLRBgdUcm9vdIABqAkKFRYXGyIjVSRudWxs0wsMDQ4RFFpOUy5vYmplY3RzV05TLmtleXNWJGNsYXNzog8QgASABqISE4ACgAOAB1lhbGlhc0RhdGFccmVsYXRpdmVQYXRo0hgNGRpXTlMuZGF0YU8RAcAAAAAAAcAAAgAADE1hY2ludG9zaCBIRAAAAAAAAAAAAAAAAAAAAMpBBgxIKwAAA6wLJhxEZW55LUd1YXJhbnRlZSBSZWFzb25pbmcucGRmAAAAAAAAAAAAAAAAAAAAAAAAAAAAAAAAAAAAAAAAAAAAAAADrA04zLldMgAAAAAAAAAAAAMAAgAACSAAAAAAAAAAAAAAAAAAAAAGUGFwZXJzABAACAAAykDp7AAAABEACAAAzLlPIgAAAAEAEAOsCyYDq3L9AAUCrgAAvuwAAgBITWFjaW50b3NoIEhEOlVzZXJzOgBqcHc0ODoARHJvcGJveDoAUGFwZXJzOgBEZW55LUd1YXJhbnRlZSBSZWFzb25pbmcucGRmAA4AOgAcAEQAZQBuAHkALQBHAHUAYQByAGEAbgB0AGUAZQAgAFIAZQBhAHMAbwBuAGkAbgBnAC4AcABkAGYADwAaAAwATQBhAGMAaQBuAHQAbwBzAGgAIABIAEQAEgA3VXNlcnMvanB3NDgvRHJvcGJveC9QYXBlcnMvRGVueS1HdWFyYW50ZWUgUmVhc29uaW5nLnBkZgAAEwABLwAAFQACAAz//wAAgAXSHB0eH1gkY2xhc3Nlc1okY2xhc3NuYW1lox8gIV1OU011dGFibGVEYXRhVk5TRGF0YVhOU09iamVjdF8QLC4uLy4uLy4uL1BhcGVycy9EZW55LUd1YXJhbnRlZSBSZWFzb25pbmcucGRm0hwdJCWiJSFcTlNEaWN0aW9uYXJ5EgABhqBfEA9OU0tleWVkQXJjaGl2ZXIACAARABYAHwAoADIANQA6ADwARQBLAFIAXQBlAGwAbwBxAHMAdgB4AHoAfACGAJMAmACgAmQCZgJrAnQCfwKDApECmAKhAtAC1QLYAuUC6gAAAAAAAAIBAAAAAAAAACgAAAAAAAAAAAAAAAAAAAL8}}

@inproceedings{feng09,
	Author = {Feng, Xinyu},
	Booktitle = {POPL~'09},
	Date-Added = {2013-01-05 09:09:51 +0000},
	Date-Modified = {2013-01-05 10:26:06 +0000},
	Publisher = {ACM Press},
	Title = {Local Rely-Guarantee Reasoning},
	Year = {2009},
	Bdsk-File-1 = {YnBsaXN0MDDUAQIDBAUIJidUJHRvcFgkb2JqZWN0c1gkdmVyc2lvblkkYXJjaGl2ZXLRBgdUcm9vdIABqAkKFRYXGyIjVSRudWxs0wsMDQ4RFFpOUy5vYmplY3RzV05TLmtleXNWJGNsYXNzog8QgASABqISE4ACgAOAB1lhbGlhc0RhdGFccmVsYXRpdmVQYXRo0hgNGRpXTlMuZGF0YU8RAdYAAAAAAdYAAgAADE1hY2ludG9zaCBIRAAAAAAAAAAAAAAAAAAAAMpBBgxIKwAAA6wLJh9Mb2NhbCBSZWx5LUd1YXJhbnRlIzNBQzBFMDcucGRmAAAAAAAAAAAAAAAAAAAAAAAAAAAAAAAAAAAAAAAAAAADrA4HzL4jJgAAAAAAAAAAAAMAAgAACSAAAAAAAAAAAAAAAAAAAAAGUGFwZXJzABAACAAAykDp7AAAABEACAAAzL4VFgAAAAEAEAOsCyYDq3L9AAUCrgAAvuwAAgBLTWFjaW50b3NoIEhEOlVzZXJzOgBqcHc0ODoARHJvcGJveDoAUGFwZXJzOgBMb2NhbCBSZWx5LUd1YXJhbnRlIzNBQzBFMDcucGRmAAAOAEYAIgBMAG8AYwBhAGwAIABSAGUAbAB5AC0ARwB1AGEAcgBhAG4AdABlAGUAIABSAGUAYQBzAG8AbgBpAG4AZwAuAHAAZABmAA8AGgAMAE0AYQBjAGkAbgB0AG8AcwBoACAASABEABIAPVVzZXJzL2pwdzQ4L0Ryb3Bib3gvUGFwZXJzL0xvY2FsIFJlbHktR3VhcmFudGVlIFJlYXNvbmluZy5wZGYAABMAAS8AABUAAgAM//8AAIAF0hwdHh9YJGNsYXNzZXNaJGNsYXNzbmFtZaMfICFdTlNNdXRhYmxlRGF0YVZOU0RhdGFYTlNPYmplY3RfEDIuLi8uLi8uLi9QYXBlcnMvTG9jYWwgUmVseS1HdWFyYW50ZWUgUmVhc29uaW5nLnBkZtIcHSQloiUhXE5TRGljdGlvbmFyeRIAAYagXxAPTlNLZXllZEFyY2hpdmVyAAgAEQAWAB8AKAAyADUAOgA8AEUASwBSAF0AZQBsAG8AcQBzAHYAeAB6AHwAhgCTAJgAoAJ6AnwCgQKKApUCmQKnAq4CtwLsAvEC9AMBAwYAAAAAAAACAQAAAAAAAAAoAAAAAAAAAAAAAAAAAAADGA==}}

@inproceedings{vafeiadis+07,
	Author = {Vafeiadis, Viktor and Parkinson, Matthew J.},
	Booktitle = {CONCUR~'07},
	Date-Added = {2013-01-05 09:09:51 +0000},
	Date-Modified = {2013-01-05 10:27:44 +0000},
	Publisher = {Springer},
	Series = {LNCS},
	Title = {A Marriage of Rely/Guarantee and Separation Logic},
	Volume = {4703},
	Year = {2007},
	Bdsk-File-1 = {YnBsaXN0MDDUAQIDBAUIJidUJHRvcFgkb2JqZWN0c1gkdmVyc2lvblkkYXJjaGl2ZXLRBgdUcm9vdIABqAkKFRYXGyIjVSRudWxs0wsMDQ4RFFpOUy5vYmplY3RzV05TLmtleXNWJGNsYXNzog8QgASABqISE4ACgAOAB1lhbGlhc0RhdGFccmVsYXRpdmVQYXRo0hgNGRpXTlMuZGF0YU8RAg4AAAAAAg4AAgAADE1hY2ludG9zaCBIRAAAAAAAAAAAAAAAAAAAAMpBBgxIKwAAA6wLJh9BIE1hcnJpYWdlIG9mIFJlbHktIzNBQzBDMzcucGRmAAAAAAAAAAAAAAAAAAAAAAAAAAAAAAAAAAAAAAAAAAADrAw3zLnPuQAAAAAAAAAAAAMAAgAACSAAAAAAAAAAAAAAAAAAAAAGUGFwZXJzABAACAAAykDp7AAAABEACAAAzLnBqQAAAAEAEAOsCyYDq3L9AAUCrgAAvuwAAgBLTWFjaW50b3NoIEhEOlVzZXJzOgBqcHc0ODoARHJvcGJveDoAUGFwZXJzOgBBIE1hcnJpYWdlIG9mIFJlbHktIzNBQzBDMzcucGRmAAAOAGwANQBBACAATQBhAHIAcgBpAGEAZwBlACAAbwBmACAAUgBlAGwAeQAtAEcAdQBhAHIAYQBuAHQAZQBlACAAYQBuAGQAIABTAGUAcABhAHIAYQB0AGkAbwBuACAATABvAGcAaQBjAC4AcABkAGYADwAaAAwATQBhAGMAaQBuAHQAbwBzAGgAIABIAEQAEgBQVXNlcnMvanB3NDgvRHJvcGJveC9QYXBlcnMvQSBNYXJyaWFnZSBvZiBSZWx5LUd1YXJhbnRlZSBhbmQgU2VwYXJhdGlvbiBMb2dpYy5wZGYAEwABLwAAFQACAAz//wAAgAXSHB0eH1gkY2xhc3Nlc1okY2xhc3NuYW1lox8gIV1OU011dGFibGVEYXRhVk5TRGF0YVhOU09iamVjdF8QRS4uLy4uLy4uL1BhcGVycy9BIE1hcnJpYWdlIG9mIFJlbHktR3VhcmFudGVlIGFuZCBTZXBhcmF0aW9uIExvZ2ljLnBkZtIcHSQloiUhXE5TRGljdGlvbmFyeRIAAYagXxAPTlNLZXllZEFyY2hpdmVyAAgAEQAWAB8AKAAyADUAOgA8AEUASwBSAF0AZQBsAG8AcQBzAHYAeAB6AHwAhgCTAJgAoAKyArQCuQLCAs0C0QLfAuYC7wM3AzwDPwNMA1EAAAAAAAACAQAAAAAAAAAoAAAAAAAAAAAAAAAAAAADYw==}}

@inproceedings{feng+07-a,
	Author = {Feng, Xinyu and Ferreira, Rodrigo and Shao, Zhong},
	Booktitle = {ESOP~'07},
	Date-Added = {2013-01-05 09:09:51 +0000},
	Date-Modified = {2013-01-05 10:27:19 +0000},
	Publisher = {Springer},
	Series = {LNCS},
	Title = {On the Relationship between Concurrent Separation Logic and Assume-Guarantee Reasoning},
	Volume = {4421},
	Year = {2007},
	Bdsk-File-1 = {YnBsaXN0MDDUAQIDBAUIJidUJHRvcFgkb2JqZWN0c1gkdmVyc2lvblkkYXJjaGl2ZXLRBgdUcm9vdIABqAkKFRYXGyIjVSRudWxs0wsMDQ4RFFpOUy5vYmplY3RzV05TLmtleXNWJGNsYXNzog8QgASABqISE4ACgAOAB1lhbGlhc0RhdGFccmVsYXRpdmVQYXRo0hgNGRpXTlMuZGF0YU8RAn4AAAAAAn4AAgAADE1hY2ludG9zaCBIRAAAAAAAAAAAAAAAAAAAAMpBBgxIKwAAA6wLJh9PbiB0aGUgUmVsYXRpb25zaGlwIzNBQzBFNDgucGRmAAAAAAAAAAAAAAAAAAAAAAAAAAAAAAAAAAAAAAAAAAADrA5IzL4jsAAAAAAAAAAAAAMAAgAACSAAAAAAAAAAAAAAAAAAAAAGUGFwZXJzABAACAAAykDp7AAAABEACAAAzL4VoAAAAAEAEAOsCyYDq3L9AAUCrgAAvuwAAgBLTWFjaW50b3NoIEhEOlVzZXJzOgBqcHc0ODoARHJvcGJveDoAUGFwZXJzOgBPbiB0aGUgUmVsYXRpb25zaGlwIzNBQzBFNDgucGRmAAAOALYAWgBPAG4AIAB0AGgAZQAgAFIAZQBsAGEAdABpAG8AbgBzAGgAaQBwACAAYgBlAHQAdwBlAGUAbgAgAEMAbwBuAGMAdQByAHIAZQBuAHQAIABTAGUAcABhAHIAYQB0AGkAbwBuACAATABvAGcAaQBjACAAYQBuAGQAIABBAHMAcwB1AG0AZQAtAEcAdQBhAHIAYQBuAHQAZQBlACAAUgBlAGEAcwBvAG4AaQBuAGcALgBwAGQAZgAPABoADABNAGEAYwBpAG4AdABvAHMAaAAgAEgARAASAHVVc2Vycy9qcHc0OC9Ecm9wYm94L1BhcGVycy9PbiB0aGUgUmVsYXRpb25zaGlwIGJldHdlZW4gQ29uY3VycmVudCBTZXBhcmF0aW9uIExvZ2ljIGFuZCBBc3N1bWUtR3VhcmFudGVlIFJlYXNvbmluZy5wZGYAABMAAS8AABUAAgAM//8AAIAF0hwdHh9YJGNsYXNzZXNaJGNsYXNzbmFtZaMfICFdTlNNdXRhYmxlRGF0YVZOU0RhdGFYTlNPYmplY3RfEGouLi8uLi8uLi9QYXBlcnMvT24gdGhlIFJlbGF0aW9uc2hpcCBiZXR3ZWVuIENvbmN1cnJlbnQgU2VwYXJhdGlvbiBMb2dpYyBhbmQgQXNzdW1lLUd1YXJhbnRlZSBSZWFzb25pbmcucGRm0hwdJCWiJSFcTlNEaWN0aW9uYXJ5EgABhqBfEA9OU0tleWVkQXJjaGl2ZXIACAARABYAHwAoADIANQA6ADwARQBLAFIAXQBlAGwAbwBxAHMAdgB4AHoAfACGAJMAmACgAyIDJAMpAzIDPQNBA08DVgNfA8wD0QPUA+ED5gAAAAAAAAIBAAAAAAAAACgAAAAAAAAAAAAAAAAAAAP4},
	Bdsk-File-2 = {YnBsaXN0MDDUAQIDBAUIJidUJHRvcFgkb2JqZWN0c1gkdmVyc2lvblkkYXJjaGl2ZXLRBgdUcm9vdIABqAkKFRYXGyIjVSRudWxs0wsMDQ4RFFpOUy5vYmplY3RzV05TLmtleXNWJGNsYXNzog8QgASABqISE4ACgAOAB1lhbGlhc0RhdGFccmVsYXRpdmVQYXRo0hgNGRpXTlMuZGF0YU8RAoQAAAAAAoQAAgAADE1hY2ludG9zaCBIRAAAAAAAAAAAAAAAAAAAAMpBBgxIKwAAA6wLJh9PbiB0aGUgUmVsYXRpb25zaGlwIzNBQzBFNDQucGRmAAAAAAAAAAAAAAAAAAAAAAAAAAAAAAAAAAAAAAAAAAADrA5EzL4jrwAAAAAAAAAAAAMAAgAACSAAAAAAAAAAAAAAAAAAAAAGUGFwZXJzABAACAAAykDp7AAAABEACAAAzL4VnwAAAAEAEAOsCyYDq3L9AAUCrgAAvuwAAgBLTWFjaW50b3NoIEhEOlVzZXJzOgBqcHc0ODoARHJvcGJveDoAUGFwZXJzOgBPbiB0aGUgUmVsYXRpb25zaGlwIzNBQzBFNDQucGRmAAAOALoAXABPAG4AIAB0AGgAZQAgAFIAZQBsAGEAdABpAG8AbgBzAGgAaQBwACAAYgBlAHQAdwBlAGUAbgAgAEMAbwBuAGMAdQByAHIAZQBuAHQAIABTAGUAcABhAHIAYQB0AGkAbwBuACAATABvAGcAaQBjACAAYQBuAGQAIABBAHMAcwB1AG0AZQAtAEcAdQBhAHIAYQBuAHQAZQBlACAAUgBlAGEAcwBvAG4AaQBuAGcALQBhAC4AcABkAGYADwAaAAwATQBhAGMAaQBuAHQAbwBzAGgAIABIAEQAEgB3VXNlcnMvanB3NDgvRHJvcGJveC9QYXBlcnMvT24gdGhlIFJlbGF0aW9uc2hpcCBiZXR3ZWVuIENvbmN1cnJlbnQgU2VwYXJhdGlvbiBMb2dpYyBhbmQgQXNzdW1lLUd1YXJhbnRlZSBSZWFzb25pbmctYS5wZGYAABMAAS8AABUAAgAM//8AAIAF0hwdHh9YJGNsYXNzZXNaJGNsYXNzbmFtZaMfICFdTlNNdXRhYmxlRGF0YVZOU0RhdGFYTlNPYmplY3RfEGwuLi8uLi8uLi9QYXBlcnMvT24gdGhlIFJlbGF0aW9uc2hpcCBiZXR3ZWVuIENvbmN1cnJlbnQgU2VwYXJhdGlvbiBMb2dpYyBhbmQgQXNzdW1lLUd1YXJhbnRlZSBSZWFzb25pbmctYS5wZGbSHB0kJaIlIVxOU0RpY3Rpb25hcnkSAAGGoF8QD05TS2V5ZWRBcmNoaXZlcgAIABEAFgAfACgAMgA1ADoAPABFAEsAUgBdAGUAbABvAHEAcwB2AHgAegB8AIYAkwCYAKADKAMqAy8DOANDA0cDVQNcA2UD1APZA9wD6QPuAAAAAAAAAgEAAAAAAAAAKAAAAAAAAAAAAAAAAAAABAA=}}

@inproceedings{bornat+05,
	Author = {Bornat, Richard and Calcagno, Cristiano and O'Hearn, Peter W. and Parkinson, Matthew J.},
	Booktitle = {POPL~'05},
	Date-Added = {2013-01-05 09:09:51 +0000},
	Date-Modified = {2013-01-05 10:25:57 +0000},
	Publisher = {ACM Press},
	Title = {Permission Accounting in Separation Logic},
	Year = {2005},
	Bdsk-File-1 = {YnBsaXN0MDDUAQIDBAUIJidUJHRvcFgkb2JqZWN0c1gkdmVyc2lvblkkYXJjaGl2ZXLRBgdUcm9vdIABqAkKFRYXGyIjVSRudWxs0wsMDQ4RFFpOUy5vYmplY3RzV05TLmtleXNWJGNsYXNzog8QgASABqISE4ACgAOAB1lhbGlhc0RhdGFccmVsYXRpdmVQYXRo0hgNGRpXTlMuZGF0YU8RAfYAAAAAAfYAAgAADE1hY2ludG9zaCBIRAAAAAAAAAAAAAAAAAAAAMpBBgxIKwAAA6wLJh9QZXJtaXNzaW9uIEFjY291bnRpIzNBQzBFNEYucGRmAAAAAAAAAAAAAAAAAAAAAAAAAAAAAAAAAAAAAAAAAAADrA5PzL4jvQAAAAAAAAAAAAMAAgAACSAAAAAAAAAAAAAAAAAAAAAGUGFwZXJzABAACAAAykDp7AAAABEACAAAzL4VrQAAAAEAEAOsCyYDq3L9AAUCrgAAvuwAAgBLTWFjaW50b3NoIEhEOlVzZXJzOgBqcHc0ODoARHJvcGJveDoAUGFwZXJzOgBQZXJtaXNzaW9uIEFjY291bnRpIzNBQzBFNEYucGRmAAAOAFwALQBQAGUAcgBtAGkAcwBzAGkAbwBuACAAQQBjAGMAbwB1AG4AdABpAG4AZwAgAGkAbgAgAFMAZQBwAGEAcgBhAHQAaQBvAG4AIABMAG8AZwBpAGMALgBwAGQAZgAPABoADABNAGEAYwBpAG4AdABvAHMAaAAgAEgARAASAEhVc2Vycy9qcHc0OC9Ecm9wYm94L1BhcGVycy9QZXJtaXNzaW9uIEFjY291bnRpbmcgaW4gU2VwYXJhdGlvbiBMb2dpYy5wZGYAEwABLwAAFQACAAz//wAAgAXSHB0eH1gkY2xhc3Nlc1okY2xhc3NuYW1lox8gIV1OU011dGFibGVEYXRhVk5TRGF0YVhOU09iamVjdF8QPS4uLy4uLy4uL1BhcGVycy9QZXJtaXNzaW9uIEFjY291bnRpbmcgaW4gU2VwYXJhdGlvbiBMb2dpYy5wZGbSHB0kJaIlIVxOU0RpY3Rpb25hcnkSAAGGoF8QD05TS2V5ZWRBcmNoaXZlcgAIABEAFgAfACgAMgA1ADoAPABFAEsAUgBdAGUAbABvAHEAcwB2AHgAegB8AIYAkwCYAKACmgKcAqECqgK1ArkCxwLOAtcDFwMcAx8DLAMxAAAAAAAAAgEAAAAAAAAAKAAAAAAAAAAAAAAAAAAAA0M=}}

@inproceedings{reynolds02,
	Author = {Reynolds, John C.},
	Booktitle = {LICS~'02},
	Date-Added = {2013-01-05 09:09:51 +0000},
	Date-Modified = {2013-01-05 10:26:59 +0000},
	Publisher = {IEEE Computer Society},
	Title = {Separation Logic: A Logic for Shared Mutable Data Structures},
	Year = {2002},
	Bdsk-File-1 = {YnBsaXN0MDDUAQIDBAUIJidUJHRvcFgkb2JqZWN0c1gkdmVyc2lvblkkYXJjaGl2ZXLRBgdUcm9vdIABqAkKFRYXGyIjVSRudWxs0wsMDQ4RFFpOUy5vYmplY3RzV05TLmtleXNWJGNsYXNzog8QgASABqISE4ACgAOAB1lhbGlhc0RhdGFccmVsYXRpdmVQYXRo0hgNGRpXTlMuZGF0YU8RAiwAAAAAAiwAAgAADE1hY2ludG9zaCBIRAAAAAAAAAAAAAAAAAAAAMpBBgxIKwAAA6wLJh9TZXBhcmF0aW9uIExvZ2ljIEEgIzNBQzBFREMucGRmAAAAAAAAAAAAAAAAAAAAAAAAAAAAAAAAAAAAAAAAAAADrA7czL4kswAAAAAAAAAAAAMAAgAACSAAAAAAAAAAAAAAAAAAAAAGUGFwZXJzABAACAAAykDp7AAAABEACAAAzL4WowAAAAEAEAOsCyYDq3L9AAUCrgAAvuwAAgBLTWFjaW50b3NoIEhEOlVzZXJzOgBqcHc0ODoARHJvcGJveDoAUGFwZXJzOgBTZXBhcmF0aW9uIExvZ2ljIEEgIzNBQzBFREMucGRmAAAOAIAAPwBTAGUAcABhAHIAYQB0AGkAbwBuACAATABvAGcAaQBjACAAQQAgAEwAbwBnAGkAYwAgAGYAbwByACAAUwBoAGEAcgBlAGQAIABNAHUAdABhAGIAbABlACAARABhAHQAYQAgAFMAdAByAHUAYwB0AHUAcgBlAHMALgBwAGQAZgAPABoADABNAGEAYwBpAG4AdABvAHMAaAAgAEgARAASAFpVc2Vycy9qcHc0OC9Ecm9wYm94L1BhcGVycy9TZXBhcmF0aW9uIExvZ2ljIEEgTG9naWMgZm9yIFNoYXJlZCBNdXRhYmxlIERhdGEgU3RydWN0dXJlcy5wZGYAEwABLwAAFQACAAz//wAAgAXSHB0eH1gkY2xhc3Nlc1okY2xhc3NuYW1lox8gIV1OU011dGFibGVEYXRhVk5TRGF0YVhOU09iamVjdF8QTy4uLy4uLy4uL1BhcGVycy9TZXBhcmF0aW9uIExvZ2ljIEEgTG9naWMgZm9yIFNoYXJlZCBNdXRhYmxlIERhdGEgU3RydWN0dXJlcy5wZGbSHB0kJaIlIVxOU0RpY3Rpb25hcnkSAAGGoF8QD05TS2V5ZWRBcmNoaXZlcgAIABEAFgAfACgAMgA1ADoAPABFAEsAUgBdAGUAbABvAHEAcwB2AHgAegB8AIYAkwCYAKAC0ALSAtcC4ALrAu8C/QMEAw0DXwNkA2cDdAN5AAAAAAAAAgEAAAAAAAAAKAAAAAAAAAAAAAAAAAAAA4s=}}

@inproceedings{bornat+06,
	Author = {Bornat, Richard and Calcagno, Cristiano and Yang, Hongseok},
	Booktitle = {MFPS XXI},
	Date-Added = {2013-01-05 09:09:51 +0000},
	Date-Modified = {2013-01-05 10:00:07 +0000},
	Series = {ENTCS},
	Title = {Variables as Resource in Separation Logic},
	Volume = {155},
	Year = {2006},
	Bdsk-File-1 = {YnBsaXN0MDDUAQIDBAUIJidUJHRvcFgkb2JqZWN0c1gkdmVyc2lvblkkYXJjaGl2ZXLRBgdUcm9vdIABqAkKFRYXGyIjVSRudWxs0wsMDQ4RFFpOUy5vYmplY3RzV05TLmtleXNWJGNsYXNzog8QgASABqISE4ACgAOAB1lhbGlhc0RhdGFccmVsYXRpdmVQYXRo0hgNGRpXTlMuZGF0YU8RAfYAAAAAAfYAAgAADE1hY2ludG9zaCBIRAAAAAAAAAAAAAAAAAAAAMpBBgxIKwAAA6wLJh9WYXJpYWJsZXMgYXMgUmVzb3VyIzNBQzBGRDQucGRmAAAAAAAAAAAAAAAAAAAAAAAAAAAAAAAAAAAAAAAAAAADrA/UzL4mmwAAAAAAAAAAAAMAAgAACSAAAAAAAAAAAAAAAAAAAAAGUGFwZXJzABAACAAAykDp7AAAABEACAAAzL4YiwAAAAEAEAOsCyYDq3L9AAUCrgAAvuwAAgBLTWFjaW50b3NoIEhEOlVzZXJzOgBqcHc0ODoARHJvcGJveDoAUGFwZXJzOgBWYXJpYWJsZXMgYXMgUmVzb3VyIzNBQzBGRDQucGRmAAAOAFwALQBWAGEAcgBpAGEAYgBsAGUAcwAgAGEAcwAgAFIAZQBzAG8AdQByAGMAZQAgAGkAbgAgAFMAZQBwAGEAcgBhAHQAaQBvAG4AIABMAG8AZwBpAGMALgBwAGQAZgAPABoADABNAGEAYwBpAG4AdABvAHMAaAAgAEgARAASAEhVc2Vycy9qcHc0OC9Ecm9wYm94L1BhcGVycy9WYXJpYWJsZXMgYXMgUmVzb3VyY2UgaW4gU2VwYXJhdGlvbiBMb2dpYy5wZGYAEwABLwAAFQACAAz//wAAgAXSHB0eH1gkY2xhc3Nlc1okY2xhc3NuYW1lox8gIV1OU011dGFibGVEYXRhVk5TRGF0YVhOU09iamVjdF8QPS4uLy4uLy4uL1BhcGVycy9WYXJpYWJsZXMgYXMgUmVzb3VyY2UgaW4gU2VwYXJhdGlvbiBMb2dpYy5wZGbSHB0kJaIlIVxOU0RpY3Rpb25hcnkSAAGGoF8QD05TS2V5ZWRBcmNoaXZlcgAIABEAFgAfACgAMgA1ADoAPABFAEsAUgBdAGUAbABvAHEAcwB2AHgAegB8AIYAkwCYAKACmgKcAqECqgK1ArkCxwLOAtcDFwMcAx8DLAMxAAAAAAAAAgEAAAAAAAAAKAAAAAAAAAAAAAAAAAAAA0M=}}
