%% This BibTeX bibliography file was created using BibDesk.
%% http://bibdesk.sourceforge.net/


%% Created for John Wickerson at 2015-03-25 19:52:52 +0000 


%% Saved with string encoding Unicode (UTF-8) 

@article{betts+15,
  author    = {Adam Betts and
               Nathan Chong and
               Alastair F. Donaldson and
               Jeroen Ketema and
               Shaz Qadeer and
               Paul Thomson and
               John Wickerson},
  title     = {The Design and Implementation of a Verification Technique for {GPU}
               Kernels},
  journal   = {{ACM} Trans. Program. Lang. Syst.},
  volume    = {37},
  number    = {3},
  pages     = {10},
  year      = {2015},
  url       = {http://doi.acm.org/10.1145/2743017},
  doi       = {10.1145/2743017},
  timestamp = {Mon, 20 Jul 2015 09:10:06 +0200},
  biburl    = {http://dblp.uni-trier.de/rec/bib/journals/toplas/BettsCDKQTW15},
  bibsource = {dblp computer science bibliography, http://dblp.org}
}

@techreport{kyriazis+12,
	Author = {George Kyriazis},
	Date-Added = {2015-03-24 13:58:15 +0000},
	Date-Modified = {2015-03-24 13:58:59 +0000},
	Institution = {AMD},
	Title = {Heterogeneous System Architecture: A Technical Review},
	Year = {2012}}

@inproceedings{orr+15,
	Author = {Orr, Marc S. and Che, Shuai and Yilmazer, Ayse and Beckmann, Bradford M. and Hill, Mark D. and Wood, David A.},
	Booktitle = {ASPLOS},
	Title = {Synchronization Using Remote-Scope Promotion},
	Year = {2015}}

@misc{iso/iec11,
	Author = {ISO/IEC},
	Howpublished = {International Standard},
	Title = {Programming languages - {C}},
	Year = {2011}}

@phdthesis{battythesis,
	Author = {Batty, Mark},
	Month = {October},
	School = {University of Cambridge},
	Title = {The C11 and C++11 Concurrency Model},
	Year = {2014}}

@inproceedings{batty+11,
	Author = {Batty, Mark and Owens, Scott and Sarkar, Susmit and Sewell, Peter and Weber, Tjark},
	Booktitle = {POPL},
	Title = {Mathematizing {C++} Concurrency},
	Year = {2011}}

@article{wickerson+15,
	Author = {Wickerson, John and Batty, Mark and Donaldson, Alastair F.},
	Date-Modified = {2015-03-25 06:50:02 +0000},
	Journal = {CoRR},
	Month = {July},
	Note = {http://arxiv.org/abs/1503.07073},
	Title = {Overhauling {SC} atomics in {C11} and {OpenCL}},
	Year = 2015}

@inproceedings{alglave+15,
	Author = {Alglave, Jade and Batty, Mark and Donaldson, Alastair F. and Gopalakrishnan, Ganesh and Ketema, Jeroen and Poetzl, Daniel and Sorensen, Tyler and Wickerson, John},
	Booktitle = {ASPLOS},
	Date-Modified = {2015-03-24 20:55:15 +0000},
	Title = {{GPU} concurrency: weak behaviours and programming assumptions},
	Year = {2015}}

@article{alglave+14,
	Author = {Alglave, Jade and Maranget, Luc and Tautschnig, Michael},
	Date-Modified = {2015-03-24 20:45:03 +0000},
	Journal = {ACM TOPLAS},
	Title = {Herding cats: Modelling, simulation, testing, and data-mining for weak memory},
	Year = {2014}}

@manual{munshi13,
	Author = {Munshi, Aaftab},
	Month = {November},
	Organization = {{Khronos OpenCL Working Group}},
	Title = {The {OpenCL} Specification (Version 2.0)},
	Year = {2013}}

@book{nipkow+02,
	Author = {Nipkow, Tobias and Paulson, Lawrence and Wenzel, Makarius},
	Publisher = {Springer},
	Title = {Isabelle/HOL - A Proof Assistant for Higher-Order Logic},
	Year = {2002}}

@incollection{cederman+12,
	Author = {Cederman, Daniel and Tsigas, Philippas},
	Booktitle = {GPU Computing Gems},
	Publisher = {Elsevier},
	Title = {Dynamic Load Balancing Using Work-Stealing},
	Year = {2012}}

@inproceedings{hower+14,
	Author = {Hower, Derek R. and Beckmann, Bradford M. and Gaster, Benedict R. and Hechtman, Blake A. and Hill, Mark D. and Reinhardt, Steven K. and Wood, David A.},
	Booktitle = {ASPLOS},
	Date-Modified = {2015-03-24 20:44:36 +0000},
	Title = {Heterogeneous-race-free memory models},
	Year = {2014}}

@article{gaster+15,
	Author = {Gaster, Benedict R. and Hower, Derek R. and Howes, Lee},
	Date-Modified = {2015-03-24 22:07:47 +0000},
	Journal = {ACM TACO},
	Title = {{HRF-Relaxed}: Adapting {HRF} to the complexities of industrial heterogeneous memory models},
	Year = {2015}}

@inproceedings{che+13,
	Author = {Che, Shuai and Beckmann, Bradford M. and Reinhardt, Steven K. and Skadron, Kevin},
	Booktitle = {IISWC},
	Date-Modified = {2015-03-24 20:49:43 +0000},
	Title = {Pannotia: Understanding Irregular {GPGPU} Graph Applications},
	Year = {2013}}

@inproceedings{sarkar+11,
	Author = {Sarkar, Susmit and Sewell, Peter and Alglave, Jade and Maranget, Luc and Williams, Derek},
	Booktitle = {PLDI},
	Title = {Understanding {POWER} Multiprocessors},
	Year = {2011}}

@article{sewell+10,
	Author = {Sewell, Peter and Sarkar, Susmit and Owens, Scott and Zappa Nardelli, Francesco and Myreen, Magnus O.},
	Journal = {CACM},
	Number = {7},
	Title = {{x86-TSO}: A Rigorous and Usable Programmer's Model for x86 Multiprocessors},
	Volume = {53},
	Year = {2010}}

@inproceedings{hechtman+14,
	Author = {Hechtman, Blake A. and Che, Shuai and Hower, Derek R. and Tian, Yingying and Beckmann, Bradford M. and Hill, Mark D. and Reinhardt, Steven K. and Wood, David A.},
	Booktitle = {HPCA},
	Date-Modified = {2015-03-24 22:04:46 +0000},
	Title = {{QuickRelease}: A Throughput-oriented Approach to Release Consistency on {GPUs}},
	Year = {2014}}

@inproceedings{Rajaram:2013:FRT:2491956.2462196,
	Author = {Rajaram, Bharghava and Nagarajan, Vijay and Sarkar, Susmit and Elver, Marco},
	Booktitle = {PLDI},
	Date-Modified = {2015-03-24 20:54:22 +0000},
	Title = {Fast {RMWs} for {TSO}: Semantics and Implementation},
	Year = {2013},
	Bdsk-Url-1 = {http://doi.acm.org/10.1145/2491956.2462196},
	Bdsk-Url-2 = {http://dx.doi.org/10.1145/2491956.2462196}}

@inproceedings{7012996,
	Author = {Changhui Lin and Nagarajan, V. and Gupta, R.},
	Booktitle = {SC},
	Date-Modified = {2015-03-24 22:07:13 +0000},
	Title = {Fence Scoping},
	Year = {2014},
	Bdsk-Url-1 = {http://dx.doi.org/10.1109/SC.2014.14}}

@inproceedings{Batty:2012:CCC:2103656.2103717,
	Author = {Batty, Mark and Memarian, Kayvan and Owens, Scott and Sarkar, Susmit and Sewell, Peter},
	Booktitle = {POPL},
	Date-Modified = {2015-03-24 20:45:55 +0000},
	Title = {Clarifying and Compiling {C/C++} Concurrency: From {C++11} to {POWER}},
	Year = {2012},
	Bdsk-Url-1 = {http://doi.acm.org/10.1145/2103656.2103717},
	Bdsk-Url-2 = {http://dx.doi.org/10.1145/2103656.2103717}}

@inproceedings{Sarkar:2012:SCP:2254064.2254102,
	Author = {Sarkar, Susmit and Memarian, Kayvan and Owens, Scott and Batty, Mark and Sewell, Peter and Maranget, Luc and Alglave, Jade and Williams, Derek},
	Booktitle = {PLDI},
	Date-Modified = {2015-03-24 20:50:35 +0000},
	Title = {Synchronising {C/C++} and {POWER}},
	Year = {2012},
	Bdsk-Url-1 = {http://doi.acm.org/10.1145/2254064.2254102},
	Bdsk-Url-2 = {http://dx.doi.org/10.1145/2254064.2254102}}

@inproceedings{Mador-Haim:2012:AMM:2362216.2362263,
	Author = {Mador-Haim, Sela and Maranget, Luc and Sarkar, Susmit and Memarian, Kayvan and Alglave, Jade and Owens, Scott and Alur, Rajeev and Martin, Milo M. K. and Sewell, Peter and Williams, Derek},
	Booktitle = {CAV},
	Date-Modified = {2015-03-24 22:05:55 +0000},
	Title = {An Axiomatic Memory Model for {POWER} Multiprocessors},
	Year = {2012},
	Bdsk-Url-1 = {http://dx.doi.org/10.1007/978-3-642-31424-7_36}}

@inproceedings{Alglave:2010:FWM:2144310.2144342,
	Author = {Alglave, Jade and Maranget, Luc and Sarkar, Susmit and Sewell, Peter},
	Booktitle = {CAV},
	Date-Modified = {2015-03-24 20:46:25 +0000},
	Title = {Fences in Weak Memory Models},
	Year = {2010},
	Bdsk-Url-1 = {http://dx.doi.org/10.1007/978-3-642-14295-6_25}}

@inproceedings{lustig+14,
	Author = {Lustig, Daniel and Pellauer, Michael and Martonosi, Margaret},
	Booktitle = {MICRO},
	Date-Modified = {2015-03-25 19:52:52 +0000},
	Title = {{PipeCheck}: Specifying and Verifying Microarchitectural Enforcement of Memory Consistency Models},
	Year = {2014},
	Bdsk-Url-1 = {http://dx.doi.org/10.1109/MICRO.2014.38}}

@inproceedings{Lin:2013:AF:2464996.2465015,
	Author = {Lin, Changhui and Nagarajan, Vijay and Gupta, Rajiv},
	Booktitle = {SC},
	Date-Modified = {2015-03-24 20:46:52 +0000},
	Title = {Address-aware Fences},
	Year = {2013},
	Bdsk-Url-1 = {http://doi.acm.org/10.1145/2464996.2465015},
	Bdsk-Url-2 = {http://dx.doi.org/10.1145/2464996.2465015}}
