@INPROCEEDINGS{rg:jones,
  author = {C. B. Jones},
  booktitle = {IFIP},
  Cpages = {321--332},
  Cpublisher = {North-Holland},
  title = {Specification and Design of (Parallel) Programs},
  year = {1983}
}

@phdthesis{cliff_thesis,
   author= {C. B. Jones},
   title = {Development methods for computer programs including a notion of interference},
   school= {University of Oxford},
   year  = {1981},
}

@inproceedings{rg:nieto,
author=          {Prensa Nieto,, Leonor},
title=           {The {Rely-Guarantee} Method in {Isabelle/HOL}},
booktitle=       {ESOP},
Cbooktitle=       {ESOP '03: Proc. 12th European Symposium on Programming},
Ceditor=          {P. Degano},
Cpublisher=       {Springer},
Cseries=          {LNCS},
Cvolume=          {2618},
Cpages=           {348--362},
year=            {2003}
} 

@article{hoarelogic,
 author = {C. A. R. Hoare},
 title = {An axiomatic basis for computer programming},
 journal = {Commun. ACM},
 volume = {12},
 number = {10},
 year = {1969},
}

@phdthesis{viktor_thesis,
author= {Viktor Vafeiadis},
title= {Modular fine-grained concurrency verification},
school= {University of Cambridge},
year= {2007},
Cmonth= {July}
}

@phdthesis{matt_thesis,
author= {Matthew J. Parkinson},
title= {Local Reasoning for Java},
school= {University of Cambridge},
year= {2005},
Cmonth= {August}
}

@inproceedings{sep_abst,
author= {Matthew Parkinson and Gavin Bierman},
title= {Separation logic and abstraction},
booktitle = {POPL},
year={2005}
}

@inproceedings{exp_decomp,
 author = {Joey W. Coleman},
 title = {Expression decomposition in a {R}ely/{G}uarantee context},
 Cbooktitle = {VSTTE '08: Verified Software: Theories, Tools, Experiments},
 booktitle = {VSTTE},
 year = {2008},
 Cpages = {146--160},
 Cpublisher = {Springer-Verlag}
 }

@inproceedings{dg,
  author = {Mike Dodds and Xinyu Feng and Matthew Parkinson and Viktor Vafeiadis},
  title = {Deny-{G}uarantee reasoning},
  Cbooktitle = {ESOP '09: Proc. 18th European Symposium on Programming},
  booktitle = {ESOP},
  Cseries =       {LNCS},
  Ceditor =       {G. Castagna},
  Cpublisher =    {Springer},
  year =         {2009},
  Cvolume =       {5502},
  Cpages =        {363--377},
}

@inproceedings{lrg,
 author = {Xinyu Feng},
 title = {Local rely-guarantee reasoning},
 Cbooktitle = {POPL '09: Proc. 36th symposium on Principles of programming languages},
 booktitle = {POPL},
 year = {2009},
 Cpages = {315--327},
 Cpublisher = {ACM},
 }

@inproceedings{rgsep,
  author    = {Viktor Vafeiadis and Matthew Parkinson},
  title     = {A marriage of {R}ely/{G}uarantee and separation logic},
  Cbooktitle = {CONCUR '07: 18th international conference on concurrency theory},
  booktitle = {CONCUR},
  Cpages     = {256-271},
  Ceditor    = {Lu\'{\i}s Caires and
               Vasco Thudichum Vasconcelos},
  Cpublisher = {Springer},
  Cseries    = {LNCS},
  Cvolume    = {4703},
  year      = {2007},
}

@inproceedings{seplogic1,
 author = {Samin S. Ishtiaq and Peter W. O'Hearn},
 title = {{BI} as an assertion language for mutable data structures},
 Cbooktitle = {POPL '01: Proc. 28th symposium on Principles of programming languages},
 booktitle = {POPL},
 year = {2001},
 Cpages = {14--26},
 Cpublisher = {ACM},
 }

@inproceedings{seplogic2,
 author = {John C. Reynolds},
 title = {Separation Logic: A Logic for Shared Mutable Data Structures},
 Cbooktitle = {LICS '02: Proc. 17th Annual IEEE Symposium on Logic in Computer Science},
 booktitle = {LICS},
 year = {2002},
 Cpages = {55--74},
 Cpublisher = {IEEE Computer Society},
 }

@inproceedings{floyd,
  author =       {R. W. Floyd},
  title =        {Assigning meaning to programs},
  booktitle =    {Proc. Symposium of Applied Mathematics},
  year =         {1967},
  Cpages =        {19--32},
  Cvolume =       {19},
  Ceditor =       {J. T. Schwartz},
  Cpublisher = {American Mathematical Society},
}

@book{dijkstrabook,
	author = {Edsger  W. Dijkstra},
	publisher = {Prentice Hall, Inc.},
	title = {A Discipline of Programming},
	year = {1976}
}

@inproceedings{variables_as_resource,
author = {Matthew Parkinson and Richard Bornat and Cristiano Calcagno},
title = {Variables as resource in {H}oare logics},
Cbooktitle ={LICS '06: Proc. 21st Annual IEEE Symposium on Logic in Computer Science},
booktitle ={LICS},
year = {2006},
Cpages = {137-146},
Cpublisher = {IEEE Computer Society},
}

@inproceedings{fractional,
 author = {Richard Bornat and Cristiano Calcagno and Peter O'Hearn and Matthew Parkinson},
 title = {Permission accounting in separation logic},
 Cbooktitle = {POPL '05: Proc. 32nd symposium on Principles of programming languages},
 booktitle = {POPL},
 year = {2005},
 Cpages = {259--270},
 Cpublisher = {ACM},
 }

@inproceedings{sepinfhiding,
  author    = {Peter W. O'Hearn and Hongseok Yang and John C. Reynolds},
  title     = {Separation and information hiding},
  Cbooktitle = {POPL '04: Proc. 31st symposium on Principles of programming languages},
  booktitle = {POPL},
  Cpages     = {268-280},
  Ceditor    = {Neil D. Jones and
               Xavier Leroy},
  Cpublisher = {ACM},
  year      = {2004},
}

@inproceedings{smallfootrg,
  author    = {Cristiano Calcagno and Matthew Parkinson and Viktor Vafeiadis},
  title     = {Modular Safety Checking for Fine-Grained Concurrency},
  Cbooktitle = {SAS '07: 14th International Symposium on Static Analysis},
  booktitle = {SAS},
  Cpages     = {233-248},
  Ceditor    = {Hanne Riis Nielson and
               Gilberto Fil{\'e}},
  Cpublisher = {Springer},
  Cseries    = {LNCS},
  Cvolume    = {4634},
  year      = {2007},
}

@inproceedings{explicit_substitutions,
author = {M. Abadi and L. Cardelli and P.-L. Curien and J.-J. L\'{e}vy},
title = {Explicit substitutions},
booktitle = {POPL},
year = {1990},
}

@inproceedings{sagl,
author = {Xinyu Feng and Rodrigo Ferreira and Zhong Shao},
title = {On the relationship between concurrent separation logic and assume-guarantee reasoning},
booktitle = {ESOP},
year = {2007}
}

@inproceedings{automaticstability,
  author    = {Hasan Amjad and
               Richard Bornat},
  title     = {Towards Automatic Stability Analysis for Rely-Guarantee
               Proofs},
  booktitle = {VMCAI},
  year      = {2009},
}

@inproceedings{gretayorsh,
  author = {Greta Yorsh and Alexey Skidanov and Thomas Reps and Mooly Sagiv},
  title = {Automatic Assume/Guarantee Reasoning for Heap-Manipulating Programs: Ongoing Work},
  booktitle = {AIOOL},
  year = {2005},
}

@inproceedings{alexey,
  author    = {Alexey Gotsman and
               Byron Cook and
               Matthew Parkinson and
               Viktor Vafeiadis},
  title     = {Proving that non-blocking algorithms don't block},
  booktitle = {POPL},
  year      = {2009},
}

@misc{malloc,
  key = {ZZZZ},
  note = {Source code of {\tt malloc} and {\tt free}. Available from The Unix Heritage Society at: \url{http://minnie.tuhs.org/UnixTree/V7/usr/src/libc/gen/malloc.c.html}, October 2009}
}

@article{calvin,
 author = {Cormac Flanagan and Stephen N. Freund and Shaz Qadeer and Sanjit A. Seshia},
 title = {Modular verification of multithreaded programs},
 journal = {Theor. Comput. Sci.},
 volume = {338},
 number = {1-3},
 year = {2005},
 }

@techreport{tr,
 author= {John Wickerson and Mike Dodds and Matthew Parkinson}, 
 title = {Explicit {S}tabilisation for {M}odular {R}ely-{G}uarantee {R}easoning},
 institution = {University of Cambridge},
 year= {2010}
}
 